1835 3215
860 124 942 166 236

123 240 281 283 chius
319 246 458 281 rector
489 237 669 278 Afranei
701 245 743 280 et
781 239 1005 295 professor
1035 240 1227 297 primus,
1271 239 1507 295 lilugius
1546 241 1696 283 doctor

124 297 385 353 theologiae,
421 295 644 352 professor
683 303 726 336 et
756 303 904 352 pastor
931 297 982 338 ad
1024 297 1169 338 aedem
1201 296 1409 338 Afranain
1454 305 1495 338 et
1522 297 1697 353 linguae

124 354 346 396 Hebraeae
393 351 624 407 magister,
673 351 943 410 Christop
961 354 1130 395 horus
1180 352 1454 394 Gotthelf
1504 353 1697 396 lioeni-

121 412 267 467 gius,
300 416 524 452 coni-ector
553 415 595 449 et
624 408 848 464 professor
874 410 1111 464 secundus,
1143 409 1327 451 tulius
1359 409 1697 452 Fridericns

128 468 185 511 W
207 467 218 508 i
240 484 264 507 n
291 483 312 507 z
336 482 357 506 e
380 482 398 506 r
420 481 444 505 u
469 480 487 505 s
529 466 753 521 professor
794 466 976 521 tertius,
1031 467 1315 508 Gustavus
1362 465 1697 508 Frideriens

124 522 475 565 lleutschius
515 522 737 577 professor
779 531 986 579 quartus,
1033 526 1324 579 Augustus
1363 522 1698 564 Friderieus

122 582 157 621 Ι,
172 584 196 620 ii
212 578 436 620 dichius
467 578 687 634 professor
712 579 985 634 quintus,rei
1011 579 1336 621 mathematicae
1356 579 1578 635 magister,
1604 588 1700 636 post

124 638 361 677 discessum
406 635 665 677 Winzeri
723 636 1011 691 Benjamin
1064 636 1338 677 Gotthold
1381 636 1699 684 VVeishius,

123 693 195 750 qui
228 692 542 749 professionem
587 699 781 747 quartam
809 694 1000 749 aceepit,
1042 693 1205 735 salibus
1245 693 1419 747 multis,
1459 692 1698 749 leporibus,

125 750 229 791 iocis
271 748 536 805 comiterque
574 748 700 790 dietis
743 749 810 790 usi
851 749 1091 807 discipulos
1133 758 1176 791 et
1217 749 1428 790 docebant
1465 758 1507 791 ct
1547 750 1699 790 eduea-

123 808 250 858 bant,
290 806 393 847 lieet
424 805 631 846 severitas
672 813 784 847 certa
828 807 1036 862 quaedam
1084 805 1342 862 disciplinae
1387 806 1692 847 dominaretur.

123 861 516 903 Tzsehuchius
567 861 740 918 quidem
785 877 880 903 cum
924 864 1108 905 aliorum
1155 878 1334 918 operum
1383 870 1559 915 auctor,
1613 870 1698 903 tum

126 918 357 975 Pomponii
388 917 528 959 Melae
574 926 702 974 atque
734 918 962 960 Strabonis
1005 920 1145 961 editor
1175 918 1480 960 celeberrimus
1511 927 1554 960 et
1581 918 1697 959 insti-

121 991 221 1031 gare
249 975 302 1016 ad
336 975 489 1016 iustam
522 974 777 1016 iudustriam
818 991 836 1017 s
860 992 882 1016 a
903 976 916 1016 l
942 992 967 1016 ιι
991 976 1016 1016 b
1038 992 1060 1016 c
1082 992 1100 1016 r
1121 975 1228 1016 rim
1252 991 1272 1015 a
1305 975 1596 1016 admonitione
1629 990 1700 1030 po·

125 1033 204 1074 tuit
243 1040 284 1073 et
323 1030 537 1072 licentiam
579 1031 646 1072 vel
694 1032 1015 1089 protervitatem
1068 1032 1283 1073 refrenare
1323 1031 1518 1087 pauculis
1570 1046 1699 1087 saepe

124 1089 246 1130 Iactis
297 1088 467 1141 verbis,
528 1087 685 1129 iocosis
745 1089 1000 1145 plerumque
1050 1097 1178 1145 atque
1232 1088 1386 1129 acutis.
1488 1087 1697 1142 Exempla

122 1161 191 1187 res
232 1144 458 1185 historicas
503 1160 587 1185 non
632 1153 794 1186 tantum
847 1145 1063 1186 illustrant
1114 1145 1189 1186 sed
1238 1144 1491 1186 confirmant
1550 1144 1692 1184 etiam.

124 1201 287 1243 Audite
337 1201 472 1255 igitur
521 1217 669 1257 pauca.
760 1201 800 1241 T
822 1218 843 1242 z
868 1218 887 1241 s
909 1219 931 1242 c
954 1203 976 1241 b
1004 1218 1026 1241 u
1054 1218 1075 1242 c
1100 1202 1123 1240 l:
1147 1201 1158 1241 i
1178 1217 1201 1241 u
1225 1218 1264 1241 m
1317 1200 1549 1256 aliquando
1566 1231 1577 1253 ,
1625 1201 1700 1256 qui

123 1274 175 1299 ex
208 1256 467 1298 conclavi
499 1257 802 1310 iudiciali,
834 1259 948 1314 quod
983 1258 1033 1297 ab
1066 1257 1243 1297 Afrauis
1284 1256 1456 1308 dieitur,
1492 1271 1569 1312 per
1599 1272 1697 1297 suas

124 1313 414 1355 hebdomades
456 1320 623 1354 coetum
667 1313 938 1354 alumnorum
978 1313 1222 1368 praeseutia
1261 1328 1334 1353 sua
1375 1313 1632 1354 observabat
1661 1320 1702 1353 et

125 1370 414 1421 custodiebat,
449 1369 572 1420 adiit,
605 1377 650 1410 ut
681 1377 769 1410 tum
800 1370 890 1411 fieri
925 1371 1107 1420 solebat,
1143 1385 1253 1410 unius
1287 1385 1338 1410 ex
1368 1369 1600 1425 primauis,
1639 1384 1702 1409 ro-

123 1427 327 1483 gavitque
360 1426 626 1467 oratiuncula
642 1425 810 1478 Latina,
835 1435 880 1467 ut
912 1427 1037 1467 horas
1068 1426 1153 1467 diei
1183 1426 1310 1466 lunae
1341 1425 1700 1482 postmeridianas

124 1501 146 1525 a
180 1482 351 1525 statutis
385 1482 568 1523 aliorum
600 1483 765 1524 dierum
798 1483 954 1524 studiis
988 1483 1255 1538 permitteret
1285 1497 1457 1535 vacare,
1502 1481 1702 1538 quemad-

125 1540 297 1582 modum
330 1539 562 1581 assolcbat.
626 1539 794 1581 Edebat
825 1547 965 1580 autem
997 1538 1414 1589 Tzsehuehius,
1447 1554 1544 1580 cum
1572 1539 1701 1579 intra—

125 1598 186 1638 vit
217 1595 476 1652 discipulus.
539 1595 627 1648 Qui
662 1596 734 1636 ubi
763 1596 1075 1637 oratiunculam
1120 1595 1294 1645 habuit,
1333 1611 1430 1636 eum
1473 1610 1703 1650 responsu-

125 1669 199 1694 rus
230 1651 628 1693 Tzschuekius
669 1651 721 1692 ad
749 1667 795 1692 se
827 1653 1010 1708 propius
1044 1651 1247 1692 accedere
1283 1651 1425 1703 iubet,
1468 1658 1596 1706 atque
1638 1666 1703 1691 va·

125 1708 293 1751 catione
321 1722 544 1756 concessa,
579 1707 698 1760 „iam
729 1723 880 1763 perge,
914 1707 1071 1763 inquit,
1097 1706 1211 1747 omni
1241 1707 1393 1747 virium
1427 1705 1703 1747 contentione

126 1773 203 1819 „tc
237 1763 455 1821 applicare
484 1763 537 1803 ad
569 1762 738 1814 studia,
782 1765 945 1828 poteris
984 1763 1123 1815 enim,
1158 1763 1212 1802 mi
1245 1762 1331 1814 lili,
1375 1762 1476 1803 olim
1509 1778 1593 1803 non
1629 1763 1703 1802 mi-

128 1837 265 1876 „nus,
293 1836 420 1877 quam
452 1835 533 1875 ego
565 1835 681 1861 nuuc
712 1819 840 1873 faelo,
862 1829 904 1860 et
934 1834 1103 1860 earnem
1135 1826 1290 1859 tostam
1322 1819 1447 1859 edere
1478 1834 1702 1875 eumpaue

129 1878 264 1931 „albo
307 1884 349 1918 et
387 1891 488 1917 vero
530 1875 656 1917 etiam
698 1876 789 1918 viui
820 1876 973 1933 optimi
1018 1883 1181 1932 partem
1222 1875 1377 1915 iustam
1418 1875 1700 1932 degustare-‘⁶

129 1935 244 1976 Tum
277 1933 313 1974 si
346 1940 462 1974 reete
502 1932 730 1984 recordor,
773 1932 975 1989 poculum
1007 1931 1152 1985 aliud,
1190 1940 1318 1987 atque
1359 1947 1445 1988 quo
1488 1932 1703 1984 utebatur,

127 1989 357 2032 subridens
409 1988 590 2044 arripuit
638 1988 952 2045 impletumque
1002 1988 1104 2029 vino
1157 1988 1418 2029 ebibendum
1459 1988 1522 2030 illi
1565 1988 1698 2029 dedit.

126 2046 265 2088 Aliud
294 2046 375 2086 hoc
411 2045 571 2086 audite.
636 2045 782 2099 Quum
814 2060 890 2102 per
921 2045 1073 2086 hiemis
1107 2052 1276 2102 tempus
1307 2052 1474 2086 coetum
1516 2045 1703 2101 discipu-

125 2104 267 2145 lorum
304 2102 347 2142 in
384 2101 599 2142 auditorio
628 2101 813 2155 maiore,
851 2101 968 2158 quod
1010 2117 1124 2143 nune
1170 2100 1294 2143 festis
1335 2108 1498 2142 tautum
1543 2101 1697 2142 diebus

127 2158 345 2215 aperitur,
388 2157 529 2198 studia
569 2173 644 2199 sua
676 2158 876 2214 privatim
917 2158 1193 2200 tractantium
1231 2157 1426 2198 assidens
1459 2157 1500 2197 in
1533 2173 1697 2198 Summa

126 2215 338 2257 industria
379 2214 618 2267 detineret,
670 2217 766 2271 ipse
810 2215 936 2256 etiam
979 2214 1299 2256 studiosissime
1345 2214 1495 2269 legens
1534 2221 1698 2254 veteres

127 2280 326 2313 auctores
358 2278 400 2311 ct
430 2286 696 2327 excerpens,
741 2271 885 2313 subito
919 2271 992 2312 uui
1025 2279 1068 2312 et
1098 2271 1198 2312 item
1229 2269 1353 2311 alteri
1382 2268 1578 2310 adstabat
1607 2285 1703 2325 pro-

127 2329 292 2370 laturus
332 2342 383 2368 ex
421 2327 633 2379 lectione,
687 2328 804 2385 quod
843 2327 1080 2370 iucundum
1120 2334 1236 2368 esset
1282 2325 1524 2367 iuvenibus.
1613 2326 1702 2367 Sed

128 2383 365 2440 incipiebat
396 2399 524 2440 saepe
556 2385 663 2425 miro
695 2384 840 2437 modo,
874 2392 921 2425 ut
951 2399 1036 2424 non
1069 2383 1212 2424 statim
1236 2382 1570 2438 intelligeretur,
1595 2382 1701 2438 quid

128 2441 273 2482 vellet.
343 2440 594 2495 Aliquando
637 2440 768 2496 igitur
806 2440 1044 2497 quaesivit,
1077 2440 1358 2481 Plutarchum
1387 2440 1556 2494 legenS,
1597 2438 1703 2490 „die

130 2496 260 2548 mibi,
295 2496 512 2551 quomodo
552 2511 682 2537 vena
700 2513 740 2537 m
782 2496 1041 2538 incidere
1079 2496 1244 2537 Graece
1284 2511 1368 2536 uno
1400 2494 1531 2536 verbo
1564 2494 1698 2547 dicas,

130 2563 259 2609 atque
292 2567 432 2592 morae
465 2552 694 2608 impatiens
737 2553 831 2608 ipse
861 2552 1047 2593 subiecit
1077 2552 1218 2593 statim
1247 2552 1552 2608 φλεβοτομεῖν,
1595 2557 1702 2590 tum-

131 2624 215 2666 que
246 2607 529 2659 historiolam,
565 2623 693 2663 quam
723 2607 905 2663 legerat,
938 2608 1221 2664 exprompsit.
1295 2608 1384 2648 Iam
1413 2606 1529 2648 atiud
1562 2621 1702 2647 exem-

131 2666 265 2723 plum.
328 2663 436 2704 Cum
470 2663 521 2704 de
553 2663 731 2704 historia
772 2664 993 2704 literarum
1034 2663 1293 2704 Graecarum
1332 2672 1373 2705 et
1410 2663 1698 2704 Romanarum

131 2720 340 2778 primanis
395 2727 631 2776 exponeret
677 2726 1114 2774 eommemorat-etque
1161 2719 1348 2761 Fabricii
1397 2718 1700 2761 bibliothecam

134 2779 343 2820 Graecam
370 2783 443 2816 aut
474 2776 694 2828 Latinam,
728 2775 893 2816 solebat
926 2776 1092 2816 dicere:
1135 2775 1247 2828 „hie
1278 2791 1388 2817 uuus
1420 2783 1511 2828 est,
1542 2774 1700 2831 inquit,

136 2850 223 2889 „ex
256 2833 308 2875 iis
340 2832 442 2874 viris
474 2832 629 2885 doctis,
657 2831 731 2889 qui
765 2831 861 2887 plus
894 2831 1177 2888 scripserunt,
1201 2848 1328 2888 qnam
1350 2831 1423 2873 alii
1452 2847 1531 2888 per
1552 2846 1700 2872 omues

132 2892 244 2935 vitae
280 2889 370 2932 dies
399 2889 651 2945 legerunt.“
714 2887 822 2930 Cum
855 2895 996 2929 autem
1027 2888 1208 2931 l'lenrici
1241 2888 1468 2945 Stephani,
1483 2886 1699 2939 Salmasii,
