1835 3215
903 134 989 175 222

385 245 444 286 Ut
475 257 644 298 semper
675 242 809 284 almae
840 244 960 301 pacis
989 246 1032 286 in
1066 245 1171 299 otio,

384 302 500 343 Dum
536 299 665 340 Graia
696 299 824 341 tellus
854 308 896 341 ct
927 301 1099 342 Latium
1132 310 1266 358 patet,

435 355 624 396 Tutetur
652 362 784 409 artes,
816 363 859 397 et
885 356 1123 412 benignum

494 410 709 453 Praebeat
735 412 975 469 hospitium
1005 414 1221 457 iuventae.

385 523 461 565 Sic
489 537 629 579 usque
659 522 830 576 tollent,
863 523 971 565 Afra
1000 540 1176 581 parcns,
1208 533 1325 567 tuum

385 579 460 620 Ad
488 586 601 620 astra
632 594 807 631 nomen,
841 579 904 622 sic
934 581 1015 622 tibi
1047 581 1242 623 Saxones

435 635 590 677 Grates
623 635 880 691 rependent,
913 652 994 678 nec
1021 638 1222 694 malignis

488 691 625 733 Livor
651 691 760 732 edax
790 692 933 734 oculis
965 694 1155 736 nocebit.

378 804 570 844 Auctum
601 802 767 857 vigebit
798 801 992 844 Mam-itii
1024 803 1174 857 decus,

384 860 602 915 Vivctque
634 859 742 898 tanti
772 859 910 914 gloria
942 860 1164 913 nominis3

491 914 687 956 Clarabit
718 915 971 969 Augustum
1006 916 1186 971 perenni

548 970 698 1011 Laude
731 970 873 1011 ferens
906 971 1044 1026 pictas
1071 981 1296 1029 nepotum.

379 1080 472 1123 Nec
504 1097 613 1138 quae
644 1083 815 1139 peregit
846 1082 1021 1137 Rivius,
1051 1083 1196 1125 invida

380 1138 557 1179 Dclcbit
586 1147 701 1180 actas
733 1148 775 1180 et
808 1139 909 1194 fuga
942 1148 1209 1196 temporum;

435 1194 690 1251 Mcmorque
723 1196 907 1236 facundo
941 1203 1131 1237 vetustas

488 1250 739 1292 Fabricium
772 1251 1009 1292 celebrabit
1038 1267 1126 1293 orc.

380 1365 590 1420 Quaesita
621 1365 752 1407 tantis
791 1365 981 1422 praemia
1012 1365 1215 1407 laudibus

379 1423 523 1464 Fastis
557 1421 601 1462 in
633 1437 785 1463 aevum
817 1422 989 1464 condita
1021 1423 1273 1478 praedicent

437 1479 605 1520 Doctae
638 1493 826 1531 sorores,
857 1486 898 1520 et
929 1487 1093 1520 sacrata

491 1534 765 1591 Postgcnitis
797 1543 1072 1576 monumenta
1104 1534 1309 1592 pandant.

385 1636 423 1677 Ο
458 1635 533 1691 qui
563 1635 729 1690 potenti
761 1636 937 1676 numine
968 1636 1176 1692 providus

382 1692 542 1732 Totum
577 1706 654 1746 per
689 1692 834 1731 orbem
866 1707 933 1732 res
964 1693 1183 1733 hominum
1215 1693 1348 1748 regis,

442 1746 659 1802 votisque
693 1747 856 1801 gaudes
887 1747 1077 1788 invocari

491 1802 798 1859 supplicibus,
832 1803 975 1845 faveas
1006 1803 1225 1860 precanti:

388 1904 533 1944 Tucrc
563 1903 749 1959 Regem,
781 1902 850 1944 cui
881 1903 1044 1958 patriae
1075 1904 1190 1944 salus

383 1959 623 2000 Commissa
656 1959 824 2015 magnis
853 1960 1052 2000 auctibus
1084 1959 1126 2000 in
1161 1960 1254 2001 dies

434 2015 621 2067 Crescit,
657 2030 735 2072 per
767 2023 1076 2072 extentumque
1108 2016 1220 2057 vitae.

487 2071 654 2113 Dexter
681 2073 783 2113 ades
815 2072 1003 2128 spatium
1035 2071 1218 2128 vigenti,

383 2171 443 2213 Ut
473 2172 707 2230 auspicatis
743 2188 884 2229 usquc
915 2173 1135 2216 laboribus

386 2228 535 2269 Rcbus
568 2245 746 2270 suorum
776 2230 1014 2286 prospiciat
1042 2231 1201 2283 bonus,

437 2285 617 2341 Diuque
649 2286 831 2327 laetetur
865 2286 1009 2327 vocari

495 2342 712 2383 Saxoniae
742 2343 873 2383 Pater
904 2349 1033 2399 atque
1063 2342 1294 2398 Princeps.

386 2441 646 2498 Salvamque
678 2451 849 2498 praesta
881 2444 1100 2500 pracsidio
1132 2452 1205 2485 tuo

385 2497 499 2537 Ruta
541 2499 697 2539 virenti
730 2501 1011 2556 conspicuam
1044 2500 1235 2553 domum,

442 2553 665 2608 Lactequc
696 2563 974 2597 succrescant
1005 2564 1205 2612 nepotes„

491 2608 815 2663 Magnanimum
847 2611 1022 2652 suboles
1055 2627 1248 2661 avorum,

380 2708 438 2749 Ut
473 2709 611 2764 prisca
643 2710 780 2751 virtus
813 2711 1045 2763 Saxoniae,
1076 2712 1193 2753 velut

381 2764 514 2805 Sidus
546 2781 789 2817 coruscum,
827 2767 982 2807 clarius
1015 2769 1184 2819 emicet,

435 2821 662 2877 Duretquc
694 2830 921 2863 venturum
953 2839 1030 2880 per
1061 2840 1211 2866 aevum

493 2876 688 2919 Mauritii
716 2893 927 2934 generosa
957 2880 1119 2935 proles.
