<?xml version="1.0" encoding="UTF-8"?>
<!DOCTYPE html PUBLIC "-//W3C//DTD XHTML 1.0 Transitional//EN"
    "http://www.w3.org/TR/xhtml1/DTD/xhtml1-transitional.dtd">
<html xmlns="http://www.w3.org/1999/xhtml" xml:lang="en" lang="en">
 <head>
  <title>
</title>
<meta http-equiv="Content-Type" content="text/html;charset=utf-8" />
  <meta name='ocr-system' content='tesseract 3.04.00' />
  <meta name='ocr-capabilities' content='ocr_page ocr_carea ocr_par ocr_line ocrx_word'/>
</head>
<body>
  <div class='ocr_page' id='page_1' title='image "./geschichtederdre00flug_0258.png"; bbox 0 0 1835 3215; ppageno 0'>
   <div class='ocr_carea' id='block_1_1' title="bbox 895 119 977 161">
    <p class='ocr_par' dir='ltr' id='par_1_1' title="bbox 895 119 977 161">
     <span class='ocr_line' id='line_1_1' title="bbox 895 119 977 161; baseline 0.012 -1"><span class='ocrx_word' id='word_1_1' title='bbox 895 119 977 161; x_wconf 78' lang='lat'>240</span> 
     </span>
    </p>
   </div>
   <div class='ocr_carea' id='block_1_2' title="bbox 150 231 1734 2942">
    <p class='ocr_par' dir='ltr' id='par_1_2' title="bbox 150 231 1734 2942">
     <span class='ocr_line' id='line_1_2' title="bbox 156 231 1729 288; baseline 0 -16"><span class='ocrx_word' id='word_1_2' title='bbox 156 231 269 274; x_wconf 84' lang='lat' dir='ltr'>Huic</span> <span class='ocrx_word' id='word_1_3' title='bbox 299 231 572 288; x_wconf 77' lang='lat' dir='ltr'><strong>respondebo</strong></span> <span class='ocrx_word' id='word_1_4' title='bbox 602 231 696 272; x_wconf 84' lang='lat' dir='ltr'>sinc</span> <span class='ocrx_word' id='word_1_5' title='bbox 726 231 813 274; x_wconf 88' lang='lat' dir='ltr'>ulla</span> <span class='ocrx_word' id='word_1_6' title='bbox 844 233 1126 276; x_wconf 74' lang='lat' dir='ltr'>haesitatione</span> <span class='ocrx_word' id='word_1_7' title='bbox 1156 237 1198 273; x_wconf 86' lang='lat' dir='ltr'>et</span> <span class='ocrx_word' id='word_1_8' title='bbox 1229 231 1521 285; x_wconf 75' lang='lat' dir='ltr'>dubitatione,</span> <span class='ocrx_word' id='word_1_9' title='bbox 1563 232 1639 274; x_wconf 88' lang='lat' dir='ltr'>sed</span> <span class='ocrx_word' id='word_1_10' title='bbox 1668 232 1729 273; x_wconf 90' lang='lat' dir='ltr'>iu-</span> 
     </span>
     <span class='ocr_line' id='line_1_3' title="bbox 157 287 1730 347; baseline 0 -18"><span class='ocrx_word' id='word_1_11' title='bbox 157 288 442 344; x_wconf 67' lang='lat' dir='ltr'>ter-rogatione</span> <span class='ocrx_word' id='word_1_12' title='bbox 474 295 581 328; x_wconf 87' lang='lat' dir='ltr'>utar.</span> <span class='ocrx_word' id='word_1_13' title='bbox 644 287 757 341; x_wconf 78' lang='lat' dir='ltr'>Quis</span> <span class='ocrx_word' id='word_1_14' title='bbox 788 291 998 344; x_wconf 88' lang='lat' dir='ltr'>omnium,</span> <span class='ocrx_word' id='word_1_15' title='bbox 1031 291 1105 347; x_wconf 89' lang='lat' dir='ltr'>qui</span> <span class='ocrx_word' id='word_1_16' title='bbox 1140 289 1314 330; x_wconf 84' lang='lat' dir='ltr'>fuerunt</span> <span class='ocrx_word' id='word_1_17' title='bbox 1344 288 1556 344; x_wconf 74' lang='lat' dir='ltr'>magistri,</span> <span class='ocrx_word' id='word_1_18' title='bbox 1603 288 1730 330; x_wconf 90' lang='lat' dir='ltr'>nobis</span> 
     </span>
     <span class='ocr_line' id='line_1_4' title="bbox 154 343 1730 402; baseline 0.001 -19"><span class='ocrx_word' id='word_1_19' title='bbox 154 345 381 401; x_wconf 72' lang='lat' dir='ltr'>discipulis</span> <span class='ocrx_word' id='word_1_20' title='bbox 424 343 560 399; x_wconf 79' lang='lat' dir='ltr'>magis</span> <span class='ocrx_word' id='word_1_21' title='bbox 598 344 830 402; x_wconf 77' lang='lat' dir='ltr'>veriusque</span> <span class='ocrx_word' id='word_1_22' title='bbox 874 355 940 389; x_wconf 91' lang='lat' dir='ltr'>est</span> <span class='ocrx_word' id='word_1_23' title='bbox 980 348 1162 389; x_wconf 88' lang='lat' dir='ltr'>dilectus</span> <span class='ocrx_word' id='word_1_24' title='bbox 1202 345 1504 388; x_wconf 71' lang='lat' dir='ltr'>VVinzcro‘?</span> <span class='ocrx_word' id='word_1_25' title='bbox 1572 345 1730 387; x_wconf 82' lang='lat' dir='ltr'>Nonne</span> 
     </span>
     <span class='ocr_line' id='line_1_5' title="bbox 153 401 1731 460; baseline 0.001 -20"><span class='ocrx_word' id='word_1_26' title='bbox 153 401 223 443; x_wconf 77' lang='lat' dir='ltr'>hie</span> <span class='ocrx_word' id='word_1_27' title='bbox 254 417 298 443; x_wconf 91' lang='lat' dir='ltr'>re</span> <span class='ocrx_word' id='word_1_28' title='bbox 325 417 419 441; x_wconf 79' lang='lat' dir='ltr'>vera</span> <span class='ocrx_word' id='word_1_29' title='bbox 454 415 619 441; x_wconf 86' lang='lat' dir='ltr'>summe</span> <span class='ocrx_word' id='word_1_30' title='bbox 650 402 909 446; x_wconf 82' lang='lat' dir='ltr'>venerabilis</span> <span class='ocrx_word' id='word_1_31' title='bbox 936 404 1002 447; x_wconf 81' lang='lat' dir='ltr'>vir</span> <span class='ocrx_word' id='word_1_32' title='bbox 1032 403 1285 460; x_wconf 68' lang='lat' dir='ltr'>gravitatem</span> <span class='ocrx_word' id='word_1_33' title='bbox 1317 418 1436 443; x_wconf 89' lang='lat' dir='ltr'>suam</span> <span class='ocrx_word' id='word_1_34' title='bbox 1469 402 1525 443; x_wconf 89' lang='lat' dir='ltr'>ita</span> <span class='ocrx_word' id='word_1_35' title='bbox 1553 402 1731 443; x_wconf 81' lang='lat' dir='ltr'>lenitate</span> 
     </span>
     <span class='ocr_line' id='line_1_6' title="bbox 153 457 1731 514; baseline -0.001 -15"><span class='ocrx_word' id='word_1_36' title='bbox 153 466 196 498; x_wconf 89' lang='lat' dir='ltr'>et</span> <span class='ocrx_word' id='word_1_37' title='bbox 236 457 434 499; x_wconf 88' lang='lat' dir='ltr'>comitate</span> <span class='ocrx_word' id='word_1_38' title='bbox 474 457 720 499; x_wconf 87' lang='lat' dir='ltr'>moderatus</span> <span class='ocrx_word' id='word_1_39' title='bbox 761 466 851 514; x_wconf 86' lang='lat' dir='ltr'>est,</span> <span class='ocrx_word' id='word_1_40' title='bbox 893 468 942 502; x_wconf 88' lang='lat' dir='ltr'>ut</span> <span class='ocrx_word' id='word_1_41' title='bbox 974 476 1062 502; x_wconf 89' lang='lat' dir='ltr'>non</span> <span class='ocrx_word' id='word_1_42' title='bbox 1102 459 1373 502; x_wconf 84' lang='lat' dir='ltr'>Severitatem</span> <span class='ocrx_word' id='word_1_43' title='bbox 1412 458 1612 500; x_wconf 88' lang='lat' dir='ltr'>timentes</span> <span class='ocrx_word' id='word_1_44' title='bbox 1654 457 1731 499; x_wconf 90' lang='lat' dir='ltr'>sed</span> 
     </span>
     <span class='ocr_line' id='line_1_7' title="bbox 153 513 1731 573; baseline 0.001 -19"><span class='ocrx_word' id='word_1_45' title='bbox 153 514 192 554; x_wconf 87' lang='lat' dir='ltr'>ei</span> <span class='ocrx_word' id='word_1_46' title='bbox 231 513 461 569; x_wconf 76' lang='lat' dir='ltr'>displicere</span> <span class='ocrx_word' id='word_1_47' title='bbox 502 513 700 555; x_wconf 84' lang='lat' dir='ltr'>nolentes</span> <span class='ocrx_word' id='word_1_48' title='bbox 739 516 808 558; x_wconf 84' lang='lat' dir='ltr'>vel</span> <span class='ocrx_word' id='word_1_49' title='bbox 845 525 996 559; x_wconf 90' lang='lat' dir='ltr'>nutum</span> <span class='ocrx_word' id='word_1_50' title='bbox 1030 517 1123 559; x_wconf 88' lang='lat' dir='ltr'>eius</span> <span class='ocrx_word' id='word_1_51' title='bbox 1165 524 1374 573; x_wconf 89' lang='lat' dir='ltr'>perpetuo</span> <span class='ocrx_word' id='word_1_52' title='bbox 1416 515 1731 572; x_wconf 81' lang='lat' dir='ltr'>respiceremus</span> 
     </span>
     <span class='ocr_line' id='line_1_8' title="bbox 153 569 1732 631; baseline 0.001 -21"><span class='ocrx_word' id='word_1_53' title='bbox 153 569 360 626; x_wconf 91' lang='lat' dir='ltr'>discipuli</span> <span class='ocrx_word' id='word_1_54' title='bbox 389 570 735 628; x_wconf 82' lang='lat' dir='ltr'>evitaremusquc</span> <span class='ocrx_word' id='word_1_55' title='bbox 766 572 1016 630; x_wconf 77' lang='lat' dir='ltr'>diligenter,</span> <span class='ocrx_word' id='word_1_56' title='bbox 1031 573 1148 631; x_wconf 90' lang='lat' dir='ltr'>quod</span> <span class='ocrx_word' id='word_1_57' title='bbox 1167 574 1206 614; x_wconf 90' lang='lat' dir='ltr'>ci</span> <span class='ocrx_word' id='word_1_58' title='bbox 1237 572 1585 630; x_wconf 70' lang='lat' dir='ltr'>improbaretur?</span> <span class='ocrx_word' id='word_1_59' title='bbox 1615 570 1732 613; x_wconf 87' lang='lat' dir='ltr'>Non-</span> 
     </span>
     <span class='ocr_line' id='line_1_9' title="bbox 152 626 1732 686; baseline 0.001 -20"><span class='ocrx_word' id='word_1_60' title='bbox 152 643 205 668; x_wconf 89' lang='lat' dir='ltr'>ne</span> <span class='ocrx_word' id='word_1_61' title='bbox 237 626 386 679; x_wconf 88' lang='lat' dir='ltr'>scitis,</span> <span class='ocrx_word' id='word_1_62' title='bbox 429 626 544 669; x_wconf 85' lang='lat' dir='ltr'>bunc</span> <span class='ocrx_word' id='word_1_63' title='bbox 586 627 724 668; x_wconf 83' lang='lat' dir='ltr'>virum</span> <span class='ocrx_word' id='word_1_64' title='bbox 766 629 954 686; x_wconf 85' lang='lat' dir='ltr'>aliquam</span> <span class='ocrx_word' id='word_1_65' title='bbox 992 631 1077 673; x_wconf 91' lang='lat' dir='ltr'>ioci</span> <span class='ocrx_word' id='word_1_66' title='bbox 1113 630 1322 672; x_wconf 86' lang='lat' dir='ltr'>rationem</span> <span class='ocrx_word' id='word_1_67' title='bbox 1353 645 1375 670; x_wconf 94' lang='lat' dir='ltr'>a</span> <span class='ocrx_word' id='word_1_68' title='bbox 1408 628 1616 685; x_wconf 73' lang='lat' dir='ltr'>gravitate</span> <span class='ocrx_word' id='word_1_69' title='bbox 1656 643 1732 668; x_wconf 91' lang='lat' dir='ltr'>sua</span> 
     </span>
     <span class='ocr_line' id='line_1_10' title="bbox 153 682 1730 743; baseline 0.001 -20"><span class='ocrx_word' id='word_1_70' title='bbox 153 699 238 724; x_wconf 86' lang='lat' dir='ltr'>non</span> <span class='ocrx_word' id='word_1_71' title='bbox 270 682 511 724; x_wconf 82' lang='lat' dir='ltr'>exclusisse</span> <span class='ocrx_word' id='word_1_72' title='bbox 543 684 667 740; x_wconf 82' lang='lat' dir='ltr'>quasi</span> <span class='ocrx_word' id='word_1_73' title='bbox 700 684 915 728; x_wconf 67' lang='lat' dir='ltr'>alienam?</span> <span class='ocrx_word' id='word_1_74' title='bbox 974 687 1025 728; x_wconf 90' lang='lat' dir='ltr'>ln</span> <span class='ocrx_word' id='word_1_75' title='bbox 1056 687 1360 743; x_wconf 74' lang='lat' dir='ltr'>obiurgatione</span> <span class='ocrx_word' id='word_1_76' title='bbox 1398 693 1511 728; x_wconf 89' lang='lat' dir='ltr'>certe</span> <span class='ocrx_word' id='word_1_77' title='bbox 1541 684 1730 726; x_wconf 77' lang='lat' dir='ltr'>admisit.</span> 
     </span>
     <span class='ocr_line' id='line_1_11' title="bbox 154 739 1733 798; baseline -0.001 -17"><span class='ocrx_word' id='word_1_78' title='bbox 154 740 227 791; x_wconf 88' lang='lat' dir='ltr'>Ut,</span> <span class='ocrx_word' id='word_1_79' title='bbox 259 740 293 781; x_wconf 90' lang='lat' dir='ltr'>si</span> <span class='ocrx_word' id='word_1_80' title='bbox 324 739 422 796; x_wconf 90' lang='lat' dir='ltr'>quis</span> <span class='ocrx_word' id='word_1_81' title='bbox 456 740 565 781; x_wconf 88' lang='lat' dir='ltr'>sorte</span> <span class='ocrx_word' id='word_1_82' title='bbox 597 741 702 796; x_wconf 86' lang='lat' dir='ltr'>quid</span> <span class='ocrx_word' id='word_1_83' title='bbox 762 743 899 785; x_wconf 87' lang='lat' dir='ltr'>uerile</span> <span class='ocrx_word' id='word_1_84' title='bbox 930 744 1091 786; x_wconf 84' lang='lat' dir='ltr'>faceret</span> <span class='ocrx_word' id='word_1_85' title='bbox 1119 744 1163 784; x_wconf 91' lang='lat' dir='ltr'>iu</span> <span class='ocrx_word' id='word_1_86' title='bbox 1196 743 1385 797; x_wconf 86' lang='lat' dir='ltr'>scholis,</span> <span class='ocrx_word' id='word_1_87' title='bbox 1432 741 1733 798; x_wconf 82' lang='lat' dir='ltr'>alloquebatur</span> 
     </span>
     <span class='ocr_line' id='line_1_12' title="bbox 155 795 1732 857; baseline 0.001 -20"><span class='ocrx_word' id='word_1_88' title='bbox 155 797 381 838; x_wconf 89' lang='lat' dir='ltr'>tertianum</span> <span class='ocrx_word' id='word_1_89' title='bbox 417 795 480 838; x_wconf 90' lang='lat' dir='ltr'>sic</span> <span class='ocrx_word' id='word_1_90' title='bbox 513 796 626 837; x_wconf 78' lang='lat' dir='ltr'>fere:</span> <span class='ocrx_word' id='word_1_91' title='bbox 673 829 704 850; x_wconf 87' lang='lat'>„</span> <span class='ocrx_word' id='word_1_92' title='bbox 788 807 830 841; x_wconf 89' lang='lat' dir='ltr'>tc</span> <span class='ocrx_word' id='word_1_93' title='bbox 864 800 1075 857; x_wconf 89' lang='lat' dir='ltr'>pusillum</span> <span class='ocrx_word' id='word_1_94' title='bbox 1107 801 1390 856; x_wconf 88' lang='lat' dir='ltr'>adultumque</span> <span class='ocrx_word' id='word_1_95' title='bbox 1421 797 1732 855; x_wconf 78' lang='lat' dir='ltr'>puerulum!“</span> 
     </span>
     <span class='ocr_line' id='line_1_13' title="bbox 152 852 1732 914; baseline 0 -20"><span class='ocrx_word' id='word_1_96' title='bbox 152 854 293 910; x_wconf 77' lang='lat' dir='ltr'>Saepe</span> <span class='ocrx_word' id='word_1_97' title='bbox 323 852 510 894; x_wconf 80' lang='lat' dir='ltr'>vidimus</span> <span class='ocrx_word' id='word_1_98' title='bbox 543 853 856 897; x_wconf 75' lang='lat' dir='ltr'>subridentem.</span> <span class='ocrx_word' id='word_1_99' title='bbox 929 857 979 898; x_wconf 91' lang='lat' dir='ltr'>Si</span> <span class='ocrx_word' id='word_1_100' title='bbox 1011 857 1109 914; x_wconf 90' lang='lat' dir='ltr'>quis</span> <span class='ocrx_word' id='word_1_101' title='bbox 1148 857 1254 914; x_wconf 86' lang='lat' dir='ltr'>quid</span> <span class='ocrx_word' id='word_1_102' title='bbox 1285 856 1429 898; x_wconf 89' lang='lat' dir='ltr'>minus</span> <span class='ocrx_word' id='word_1_103' title='bbox 1461 862 1576 897; x_wconf 91' lang='lat' dir='ltr'>reete</span> <span class='ocrx_word' id='word_1_104' title='bbox 1604 861 1732 911; x_wconf 86' lang='lat' dir='ltr'>atque</span> 
     </span>
     <span class='ocr_line' id='line_1_14' title="bbox 152 909 1732 970; baseline 0.001 -20"><span class='ocrx_word' id='word_1_105' title='bbox 152 909 336 951; x_wconf 83' lang='lat' dir='ltr'>ridicule</span> <span class='ocrx_word' id='word_1_106' title='bbox 366 909 723 965; x_wconf 82' lang='lat' dir='ltr'>interpretaretur</span> <span class='ocrx_word' id='word_1_107' title='bbox 752 912 796 953; x_wconf 91' lang='lat' dir='ltr'>in</span> <span class='ocrx_word' id='word_1_108' title='bbox 825 921 1020 955; x_wconf 87' lang='lat' dir='ltr'>veterum</span> <span class='ocrx_word' id='word_1_109' title='bbox 1051 914 1193 965; x_wconf 81' lang='lat' dir='ltr'>libris,</span> <span class='ocrx_word' id='word_1_110' title='bbox 1228 929 1358 970; x_wconf 81' lang='lat' dir='ltr'>saepe</span> <span class='ocrx_word' id='word_1_111' title='bbox 1389 913 1515 954; x_wconf 88' lang='lat' dir='ltr'>etiam</span> <span class='ocrx_word' id='word_1_112' title='bbox 1547 910 1732 968; x_wconf 86' lang='lat' dir='ltr'>paucula</span> 
     </span>
     <span class='ocr_line' id='line_1_15' title="bbox 152 965 1732 1026; baseline 0.001 -20"><span class='ocrx_word' id='word_1_113' title='bbox 152 966 343 1019; x_wconf 78' lang='lat' dir='ltr'>addidit,</span> <span class='ocrx_word' id='word_1_114' title='bbox 386 965 546 1022; x_wconf 88' lang='lat' dir='ltr'>quibus</span> <span class='ocrx_word' id='word_1_115' title='bbox 578 982 647 1008; x_wconf 88' lang='lat' dir='ltr'>res</span> <span class='ocrx_word' id='word_1_116' title='bbox 678 968 825 1010; x_wconf 88' lang='lat' dir='ltr'>iocosa</span> <span class='ocrx_word' id='word_1_117' title='bbox 857 978 1103 1026; x_wconf 78' lang='lat' dir='ltr'>augeretur.</span> <span class='ocrx_word' id='word_1_118' title='bbox 1171 970 1278 1011; x_wconf 83' lang='lat' dir='ltr'>Vidi</span> <span class='ocrx_word' id='word_1_119' title='bbox 1307 985 1386 1026; x_wconf 75' lang='lat' dir='ltr'>ego</span> <span class='ocrx_word' id='word_1_120' title='bbox 1415 985 1511 1012; x_wconf 89' lang='lat' dir='ltr'>cum</span> <span class='ocrx_word' id='word_1_121' title='bbox 1540 968 1630 1009; x_wconf 88' lang='lat' dir='ltr'>risu</span> <span class='ocrx_word' id='word_1_122' title='bbox 1661 966 1732 1007; x_wconf 91' lang='lat' dir='ltr'>ad-</span> 
     </span>
     <span class='ocr_line' id='line_1_16' title="bbox 154 1022 1733 1083; baseline 0 -20"><span class='ocrx_word' id='word_1_123' title='bbox 154 1025 377 1063; x_wconf 85' lang='lat' dir='ltr'>mirantem</span> <span class='ocrx_word' id='word_1_124' title='bbox 410 1022 647 1080; x_wconf 87' lang='lat' dir='ltr'>diseipulos</span> <span class='ocrx_word' id='word_1_125' title='bbox 680 1024 908 1068; x_wconf 82' lang='lat' dir='ltr'>inferiores</span> <span class='ocrx_word' id='word_1_126' title='bbox 938 1027 1166 1068; x_wconf 87' lang='lat' dir='ltr'>admodum</span> <span class='ocrx_word' id='word_1_127' title='bbox 1188 1028 1398 1083; x_wconf 83' lang='lat' dir='ltr'>puerulos</span> <span class='ocrx_word' id='word_1_128' title='bbox 1421 1025 1500 1067; x_wconf 90' lang='lat' dir='ltr'>sub</span> <span class='ocrx_word' id='word_1_129' title='bbox 1526 1023 1733 1081; x_wconf 87' lang='lat' dir='ltr'>precatio-</span> 
     </span>
     <span class='ocr_line' id='line_1_17' title="bbox 151 1078 1733 1126; baseline -0.001 -6"><span class='ocrx_word' id='word_1_130' title='bbox 151 1095 248 1120; x_wconf 89' lang='lat' dir='ltr'>nem</span> <span class='ocrx_word' id='word_1_131' title='bbox 279 1078 531 1120; x_wconf 86' lang='lat' dir='ltr'>matutinam</span> <span class='ocrx_word' id='word_1_132' title='bbox 574 1096 626 1121; x_wconf 86' lang='lat' dir='ltr'>cx</span> <span class='ocrx_word' id='word_1_133' title='bbox 654 1096 772 1123; x_wconf 87' lang='lat' dir='ltr'>more</span> <span class='ocrx_word' id='word_1_134' title='bbox 814 1090 985 1125; x_wconf 85' lang='lat' dir='ltr'>vetusto</span> <span class='ocrx_word' id='word_1_135' title='bbox 1027 1100 1124 1126; x_wconf 89' lang='lat' dir='ltr'>cum</span> <span class='ocrx_word' id='word_1_136' title='bbox 1163 1084 1246 1126; x_wconf 87' lang='lat' dir='ltr'>hoc</span> <span class='ocrx_word' id='word_1_137' title='bbox 1286 1096 1516 1124; x_wconf 88' lang='lat' dir='ltr'>numeroso</span> <span class='ocrx_word' id='word_1_138' title='bbox 1547 1081 1733 1122; x_wconf 90' lang='lat' dir='ltr'>clamore</span> 
     </span>
     <span class='ocr_line' id='line_1_18' title="bbox 153 1136 1733 1195; baseline 0.002 -19"><span class='ocrx_word' id='word_1_139' title='bbox 153 1136 471 1177; x_wconf 84' lang='lat' dir='ltr'>discurrentes:</span> <span class='ocrx_word' id='word_1_140' title='bbox 516 1136 674 1190; x_wconf 87' lang='lat' dir='ltr'>„1to,</span> <span class='ocrx_word' id='word_1_141' title='bbox 708 1139 957 1195; x_wconf 72' lang='lat' dir='ltr'>surgito,</span> <span class='ocrx_word' id='word_1_142' title='bbox 990 1140 1272 1182; x_wconf 75' lang='lat' dir='ltr'>dueitur.“</span> <span class='ocrx_word' id='word_1_143' title='bbox 1320 1142 1510 1190; x_wconf 61' lang='lat' dir='ltr'>(fflttntcr&#39;</span> <span class='ocrx_word' id='word_1_144' title='bbox 1540 1140 1649 1190; x_wconf 45' lang='lat' dir='ltr'>taut&amp;</span> <span class='ocrx_word' id='word_1_145' title='bbox 1678 1137 1733 1181; x_wconf 54' lang='lat' dir='ltr'>&amp;t</span> 
     </span>
     <span class='ocr_line' id='line_1_19' title="bbox 150 1192 1732 1253; baseline -0.002 -17"><span class='ocrx_word' id='word_1_146' title='bbox 150 1194 243 1237; x_wconf 72' lang='lat' dir='ltr'>mirb</span> <span class='ocrx_word' id='word_1_147' title='bbox 272 1193 434 1246; x_wconf 66' lang='lat' dir='ltr'>gebest).</span> <span class='ocrx_word' id='word_1_148' title='bbox 476 1192 632 1249; x_wconf 80' lang='lat' dir='ltr'>Neque</span> <span class='ocrx_word' id='word_1_149' title='bbox 666 1194 917 1238; x_wconf 76' lang='lat' dir='ltr'>fastidiebat</span> <span class='ocrx_word' id='word_1_150' title='bbox 948 1212 1126 1253; x_wconf 86' lang='lat' dir='ltr'>prorsus</span> <span class='ocrx_word' id='word_1_151' title='bbox 1154 1196 1487 1237; x_wconf 82' lang='lat' dir='ltr'>familiaritatem</span> <span class='ocrx_word' id='word_1_152' title='bbox 1518 1192 1732 1250; x_wconf 89' lang='lat' dir='ltr'>quandam</span> 
     </span>
     <span class='ocr_line' id='line_1_20' title="bbox 152 1246 1733 1309; baseline 0.001 -20"><span class='ocrx_word' id='word_1_153' title='bbox 152 1249 355 1292; x_wconf 74' lang='lat' dir='ltr'>iocosam.</span> <span class='ocrx_word' id='word_1_154' title='bbox 426 1246 486 1289; x_wconf 79' lang='lat' dir='ltr'>Ut</span> <span class='ocrx_word' id='word_1_155' title='bbox 523 1265 619 1290; x_wconf 88' lang='lat' dir='ltr'>cum</span> <span class='ocrx_word' id='word_1_156' title='bbox 647 1250 882 1306; x_wconf 87' lang='lat' dir='ltr'>aliquando</span> <span class='ocrx_word' id='word_1_157' title='bbox 924 1269 1067 1294; x_wconf 89' lang='lat' dir='ltr'>mures</span> <span class='ocrx_word' id='word_1_158' title='bbox 1107 1268 1187 1309; x_wconf 87' lang='lat' dir='ltr'>per</span> <span class='ocrx_word' id='word_1_159' title='bbox 1216 1252 1384 1294; x_wconf 86' lang='lat' dir='ltr'>tabulas</span> <span class='ocrx_word' id='word_1_160' title='bbox 1427 1251 1509 1293; x_wconf 89' lang='lat' dir='ltr'>soli</span> <span class='ocrx_word' id='word_1_161' title='bbox 1549 1250 1592 1290; x_wconf 90' lang='lat' dir='ltr'>in</span> <span class='ocrx_word' id='word_1_162' title='bbox 1635 1264 1733 1291; x_wconf 91' lang='lat' dir='ltr'>con-</span> 
     </span>
     <span class='ocr_line' id='line_1_21' title="bbox 153 1305 1732 1361; baseline 0.001 -15"><span class='ocrx_word' id='word_1_163' title='bbox 153 1305 270 1346; x_wconf 84' lang='lat' dir='ltr'>clave</span> <span class='ocrx_word' id='word_1_164' title='bbox 300 1312 524 1361; x_wconf 72' lang='lat' dir='ltr'>penetrare</span> <span class='ocrx_word' id='word_1_165' title='bbox 553 1306 748 1348; x_wconf 89' lang='lat' dir='ltr'>rodendo</span> <span class='ocrx_word' id='word_1_166' title='bbox 789 1317 995 1350; x_wconf 90' lang='lat' dir='ltr'>conantes</span> <span class='ocrx_word' id='word_1_167' title='bbox 1028 1308 1257 1350; x_wconf 87' lang='lat' dir='ltr'>stridorem</span> <span class='ocrx_word' id='word_1_168' title='bbox 1289 1309 1466 1350; x_wconf 83' lang='lat' dir='ltr'>ederent</span> <span class='ocrx_word' id='word_1_169' title='bbox 1501 1322 1626 1348; x_wconf 87' lang='lat' dir='ltr'>aures</span> <span class='ocrx_word' id='word_1_170' title='bbox 1662 1321 1732 1347; x_wconf 83' lang='lat' dir='ltr'>ve-</span> 
     </span>
     <span class='ocr_line' id='line_1_22' title="bbox 151 1362 1733 1421; baseline 0.001 -19"><span class='ocrx_word' id='word_1_171' title='bbox 151 1369 323 1402; x_wconf 75' lang='lat' dir='ltr'>xantem</span> <span class='ocrx_word' id='word_1_172' title='bbox 355 1376 598 1418; x_wconf 79' lang='lat' dir='ltr'>somnoque</span> <span class='ocrx_word' id='word_1_173' title='bbox 626 1362 850 1416; x_wconf 77' lang='lat' dir='ltr'>infestum,</span> <span class='ocrx_word' id='word_1_174' title='bbox 873 1365 1077 1421; x_wconf 87' lang='lat' dir='ltr'>pulvinos</span> <span class='ocrx_word' id='word_1_175' title='bbox 1109 1365 1211 1408; x_wconf 91' lang='lat' dir='ltr'>lecti</span> <span class='ocrx_word' id='word_1_176' title='bbox 1242 1366 1286 1406; x_wconf 92' lang='lat' dir='ltr'>in</span> <span class='ocrx_word' id='word_1_177' title='bbox 1317 1365 1520 1407; x_wconf 82' lang='lat' dir='ltr'>conclave</span> <span class='ocrx_word' id='word_1_178' title='bbox 1544 1362 1733 1419; x_wconf 89' lang='lat' dir='ltr'>discipu-</span> 
     </span>
     <span class='ocr_line' id='line_1_23' title="bbox 151 1418 1733 1479; baseline 0.001 -21"><span class='ocrx_word' id='word_1_179' title='bbox 151 1419 290 1459; x_wconf 89' lang='lat' dir='ltr'>lorum</span> <span class='ocrx_word' id='word_1_180' title='bbox 323 1433 375 1458; x_wconf 85' lang='lat' dir='ltr'>cx</span> <span class='ocrx_word' id='word_1_181' title='bbox 407 1418 587 1460; x_wconf 82' lang='lat' dir='ltr'>adverso</span> <span class='ocrx_word' id='word_1_182' title='bbox 620 1419 751 1461; x_wconf 86' lang='lat' dir='ltr'>situm</span> <span class='ocrx_word' id='word_1_183' title='bbox 783 1421 1027 1478; x_wconf 87' lang='lat' dir='ltr'>deportavit</span> <span class='ocrx_word' id='word_1_184' title='bbox 1064 1422 1213 1479; x_wconf 87' lang='lat' dir='ltr'>ibique</span> <span class='ocrx_word' id='word_1_185' title='bbox 1245 1422 1289 1462; x_wconf 89' lang='lat' dir='ltr'>in</span> <span class='ocrx_word' id='word_1_186' title='bbox 1331 1421 1499 1478; x_wconf 85' lang='lat' dir='ltr'>sponda</span> <span class='ocrx_word' id='word_1_187' title='bbox 1525 1421 1634 1462; x_wconf 84' lang='lat' dir='ltr'>forte</span> <span class='ocrx_word' id='word_1_188' title='bbox 1666 1435 1733 1460; x_wconf 87' lang='lat' dir='ltr'>va-</span> 
     </span>
     <span class='ocr_line' id='line_1_24' title="bbox 153 1474 1731 1535; baseline 0 -19"><span class='ocrx_word' id='word_1_189' title='bbox 153 1491 229 1516; x_wconf 90' lang='lat' dir='ltr'>cua</span> <span class='ocrx_word' id='word_1_190' title='bbox 272 1474 483 1530; x_wconf 86' lang='lat' dir='ltr'>depositis</span> <span class='ocrx_word' id='word_1_191' title='bbox 527 1475 696 1516; x_wconf 87' lang='lat' dir='ltr'>medius</span> <span class='ocrx_word' id='word_1_192' title='bbox 735 1477 850 1519; x_wconf 89' lang='lat' dir='ltr'>inter</span> <span class='ocrx_word' id='word_1_193' title='bbox 889 1478 1128 1535; x_wconf 87' lang='lat' dir='ltr'>discipulos</span> <span class='ocrx_word' id='word_1_194' title='bbox 1171 1479 1398 1532; x_wconf 80' lang='lat' dir='ltr'>dormivit,</span> <span class='ocrx_word' id='word_1_195' title='bbox 1444 1476 1524 1534; x_wconf 76' lang='lat' dir='ltr'>qui</span> <span class='ocrx_word' id='word_1_196' title='bbox 1558 1476 1731 1533; x_wconf 87' lang='lat' dir='ltr'>quidem</span> 
     </span>
     <span class='ocr_line' id='line_1_25' title="bbox 152 1531 1734 1592; baseline 0.001 -21"><span class='ocrx_word' id='word_1_197' title='bbox 152 1532 285 1572; x_wconf 87' lang='lat' dir='ltr'>altero</span> <span class='ocrx_word' id='word_1_198' title='bbox 319 1531 387 1571; x_wconf 89' lang='lat' dir='ltr'>die</span> <span class='ocrx_word' id='word_1_199' title='bbox 420 1531 543 1573; x_wconf 84' lang='lat' dir='ltr'>valde</span> <span class='ocrx_word' id='word_1_200' title='bbox 572 1532 711 1588; x_wconf 72' lang='lat' dir='ltr'>gavisi</span> <span class='ocrx_word' id='word_1_201' title='bbox 742 1550 831 1575; x_wconf 89' lang='lat' dir='ltr'>rem</span> <span class='ocrx_word' id='word_1_202' title='bbox 861 1543 1115 1589; x_wconf 78' lang='lat' dir='ltr'>narrarunt,</span> <span class='ocrx_word' id='word_1_203' title='bbox 1147 1536 1228 1577; x_wconf 88' lang='lat' dir='ltr'>hac</span> <span class='ocrx_word' id='word_1_204' title='bbox 1265 1534 1535 1592; x_wconf 83' lang='lat' dir='ltr'>praeceptori</span> <span class='ocrx_word' id='word_1_205' title='bbox 1567 1532 1734 1575; x_wconf 88' lang='lat' dir='ltr'>carissi-</span> 
     </span>
     <span class='ocr_line' id='line_1_26' title="bbox 150 1588 1732 1648; baseline 0.001 -20"><span class='ocrx_word' id='word_1_206' title='bbox 150 1604 220 1629; x_wconf 93' lang='lat' dir='ltr'>mo</span> <span class='ocrx_word' id='word_1_207' title='bbox 254 1588 342 1629; x_wconf 89' lang='lat' dir='ltr'>dati</span> <span class='ocrx_word' id='word_1_208' title='bbox 373 1588 554 1644; x_wconf 86' lang='lat' dir='ltr'>hospitii</span> <span class='ocrx_word' id='word_1_209' title='bbox 585 1590 912 1646; x_wconf 84' lang='lat' dir='ltr'>opportunitate</span> <span class='ocrx_word' id='word_1_210' title='bbox 941 1592 1217 1633; x_wconf 79' lang='lat' dir='ltr'>vehementer</span> <span class='ocrx_word' id='word_1_211' title='bbox 1244 1592 1562 1648; x_wconf 89' lang='lat' dir='ltr'>superbientes.</span> <span class='ocrx_word' id='word_1_212' title='bbox 1611 1589 1732 1631; x_wconf 87' lang='lat' dir='ltr'>Idem</span> 
     </span>
     <span class='ocr_line' id='line_1_27' title="bbox 150 1644 1732 1704; baseline 0 -17"><span class='ocrx_word' id='word_1_213' title='bbox 150 1644 450 1687; x_wconf 78' lang='lat' dir='ltr'>Winzerus</span> <span class='ocrx_word' id='word_1_214' title='bbox 482 1660 613 1700; x_wconf 86' lang='lat' dir='ltr'>quum</span> <span class='ocrx_word' id='word_1_215' title='bbox 647 1654 763 1687; x_wconf 90' lang='lat' dir='ltr'>esset</span> <span class='ocrx_word' id='word_1_216' title='bbox 791 1648 1145 1689; x_wconf 83' lang='lat' dir='ltr'>accuratissimus</span> <span class='ocrx_word' id='word_1_217' title='bbox 1176 1649 1222 1688; x_wconf 87' lang='lat' dir='ltr'>in</span> <span class='ocrx_word' id='word_1_218' title='bbox 1255 1648 1514 1704; x_wconf 84' lang='lat' dir='ltr'>disciplinae</span> <span class='ocrx_word' id='word_1_219' title='bbox 1546 1662 1644 1698; x_wconf 91' lang='lat' dir='ltr'>usu,</span> <span class='ocrx_word' id='word_1_220' title='bbox 1675 1653 1732 1687; x_wconf 85' lang='lat' dir='ltr'>ta-</span> 
     </span>
     <span class='ocr_line' id='line_1_28' title="bbox 151 1699 1733 1759; baseline 0.001 -18"><span class='ocrx_word' id='word_1_221' title='bbox 151 1715 248 1741; x_wconf 90' lang='lat' dir='ltr'>men</span> <span class='ocrx_word' id='word_1_222' title='bbox 281 1707 324 1741; x_wconf 87' lang='lat' dir='ltr'>et</span> <span class='ocrx_word' id='word_1_223' title='bbox 353 1699 565 1741; x_wconf 85' lang='lat' dir='ltr'>hilaritate</span> <span class='ocrx_word' id='word_1_224' title='bbox 598 1701 939 1758; x_wconf 87' lang='lat' dir='ltr'>discipulorum,</span> <span class='ocrx_word' id='word_1_225' title='bbox 988 1720 1098 1759; x_wconf 90' lang='lat' dir='ltr'>quae</span> <span class='ocrx_word' id='word_1_226' title='bbox 1136 1703 1250 1745; x_wconf 86' lang='lat' dir='ltr'>iusto</span> <span class='ocrx_word' id='word_1_227' title='bbox 1282 1704 1377 1745; x_wconf 92' lang='lat' dir='ltr'>loco</span> <span class='ocrx_word' id='word_1_228' title='bbox 1411 1712 1452 1744; x_wconf 93' lang='lat' dir='ltr'>et</span> <span class='ocrx_word' id='word_1_229' title='bbox 1483 1704 1598 1744; x_wconf 87' lang='lat' dir='ltr'>iusto</span> <span class='ocrx_word' id='word_1_230' title='bbox 1632 1710 1733 1743; x_wconf 89' lang='lat' dir='ltr'>tem-</span> 
     </span>
     <span class='ocr_line' id='line_1_29' title="bbox 153 1756 1733 1816; baseline 0 -18"><span class='ocrx_word' id='word_1_231' title='bbox 153 1772 257 1812; x_wconf 89' lang='lat' dir='ltr'>pore</span> <span class='ocrx_word' id='word_1_232' title='bbox 290 1756 550 1812; x_wconf 86' lang='lat' dir='ltr'>apparebat,</span> <span class='ocrx_word' id='word_1_233' title='bbox 590 1757 775 1799; x_wconf 85' lang='lat' dir='ltr'>maxime</span> <span class='ocrx_word' id='word_1_234' title='bbox 800 1759 927 1800; x_wconf 90' lang='lat' dir='ltr'>etiam</span> <span class='ocrx_word' id='word_1_235' title='bbox 958 1767 1049 1800; x_wconf 89' lang='lat' dir='ltr'>tum</span> <span class='ocrx_word' id='word_1_236' title='bbox 1081 1760 1156 1800; x_wconf 85' lang='lat' dir='ltr'>ubi</span> <span class='ocrx_word' id='word_1_237' title='bbox 1188 1761 1241 1801; x_wconf 89' lang='lat' dir='ltr'>ad</span> <span class='ocrx_word' id='word_1_238' title='bbox 1272 1775 1317 1801; x_wconf 90' lang='lat' dir='ltr'>se</span> <span class='ocrx_word' id='word_1_239' title='bbox 1347 1761 1513 1816; x_wconf 87' lang='lat' dir='ltr'>aliquot</span> <span class='ocrx_word' id='word_1_240' title='bbox 1544 1759 1733 1814; x_wconf 88' lang='lat' dir='ltr'>discipu-</span> 
     </span>
     <span class='ocr_line' id='line_1_30' title="bbox 152 1813 1729 1872; baseline 0.001 -19"><span class='ocrx_word' id='word_1_241' title='bbox 152 1815 217 1854; x_wconf 90' lang='lat' dir='ltr'>los</span> <span class='ocrx_word' id='word_1_242' title='bbox 260 1813 540 1864; x_wconf 84' lang='lat' dir='ltr'>invitaverat,</span> <span class='ocrx_word' id='word_1_243' title='bbox 589 1814 778 1870; x_wconf 78' lang='lat' dir='ltr'>gaudere</span> <span class='ocrx_word' id='word_1_244' title='bbox 824 1825 867 1857; x_wconf 88' lang='lat' dir='ltr'>ct</span> <span class='ocrx_word' id='word_1_245' title='bbox 909 1816 1169 1872; x_wconf 87' lang='lat' dir='ltr'>aequitatem</span> <span class='ocrx_word' id='word_1_246' title='bbox 1211 1832 1359 1857; x_wconf 75' lang='lat' dir='ltr'>severe</span> <span class='ocrx_word' id='word_1_247' title='bbox 1398 1816 1508 1858; x_wconf 83' lang='lat' dir='ltr'>tueri</span> <span class='ocrx_word' id='word_1_248' title='bbox 1549 1815 1729 1856; x_wconf 88' lang='lat' dir='ltr'>solebat.</span> 
     </span>
     <span class='ocr_line' id='line_1_31' title="bbox 153 1869 1732 1930; baseline 0.001 -19"><span class='ocrx_word' id='word_1_249' title='bbox 153 1870 260 1911; x_wconf 90' lang='lat' dir='ltr'>Cum</span> <span class='ocrx_word' id='word_1_250' title='bbox 296 1869 432 1926; x_wconf 71' lang='lat' dir='ltr'>igitur</span> <span class='ocrx_word' id='word_1_251' title='bbox 469 1869 702 1926; x_wconf 78' lang='lat' dir='ltr'>aliquando</span> <span class='ocrx_word' id='word_1_252' title='bbox 738 1872 887 1926; x_wconf 88' lang='lat' dir='ltr'>paullo</span> <span class='ocrx_word' id='word_1_253' title='bbox 931 1880 1028 1913; x_wconf 89' lang='lat' dir='ltr'>ante</span> <span class='ocrx_word' id='word_1_254' title='bbox 1070 1872 1242 1914; x_wconf 87' lang='lat' dir='ltr'>initium</span> <span class='ocrx_word' id='word_1_255' title='bbox 1272 1872 1512 1914; x_wconf 86' lang='lat' dir='ltr'>studiorum</span> <span class='ocrx_word' id='word_1_256' title='bbox 1545 1872 1732 1930; x_wconf 76' lang='lat' dir='ltr'>prIvato-</span> 
     </span>
     <span class='ocr_line' id='line_1_32' title="bbox 150 1925 1732 1986; baseline 0.002 -20"><span class='ocrx_word' id='word_1_257' title='bbox 150 1943 271 1978; x_wconf 85' lang='lat' dir='ltr'>rum,</span> <span class='ocrx_word' id='word_1_258' title='bbox 304 1925 497 1966; x_wconf 89' lang='lat' dir='ltr'>nondum</span> <span class='ocrx_word' id='word_1_259' title='bbox 529 1926 644 1968; x_wconf 86' lang='lat' dir='ltr'>edito</span> <span class='ocrx_word' id='word_1_260' title='bbox 677 1928 930 1984; x_wconf 87' lang='lat' dir='ltr'>campanula</span> <span class='ocrx_word' id='word_1_261' title='bbox 962 1929 1116 1983; x_wconf 70' lang='lat' dir='ltr'>signo,</span> <span class='ocrx_word' id='word_1_262' title='bbox 1157 1929 1315 1986; x_wconf 87' lang='lat' dir='ltr'>aliquis</span> <span class='ocrx_word' id='word_1_263' title='bbox 1347 1929 1640 1986; x_wconf 84' lang='lat' dir='ltr'>primanorum</span> <span class='ocrx_word' id='word_1_264' title='bbox 1671 1927 1732 1969; x_wconf 88' lang='lat' dir='ltr'>in-</span> 
     </span>
     <span class='ocr_line' id='line_1_33' title="bbox 152 1981 1729 2040; baseline 0.001 -16"><span class='ocrx_word' id='word_1_265' title='bbox 152 1981 430 2038; x_wconf 88' lang='lat' dir='ltr'>spicientium</span> <span class='ocrx_word' id='word_1_266' title='bbox 477 1983 825 2040; x_wconf 85' lang='lat' dir='ltr'>condiscipulum</span> <span class='ocrx_word' id='word_1_267' title='bbox 869 2001 922 2026; x_wconf 87' lang='lat' dir='ltr'>cx</span> <span class='ocrx_word' id='word_1_268' title='bbox 952 1985 1232 2027; x_wconf 87' lang='lat' dir='ltr'>inferioribus</span> <span class='ocrx_word' id='word_1_269' title='bbox 1276 2002 1371 2028; x_wconf 88' lang='lat' dir='ltr'>eum</span> <span class='ocrx_word' id='word_1_270' title='bbox 1413 1985 1729 2040; x_wconf 87' lang='lat' dir='ltr'>contubernali,</span> 
     </span>
     <span class='ocr_line' id='line_1_34' title="bbox 152 2038 1728 2099; baseline 0.003 -20"><span class='ocrx_word' id='word_1_271' title='bbox 152 2039 253 2080; x_wconf 93' lang='lat' dir='ltr'>dum</span> <span class='ocrx_word' id='word_1_272' title='bbox 283 2038 418 2079; x_wconf 90' lang='lat' dir='ltr'>libros</span> <span class='ocrx_word' id='word_1_273' title='bbox 450 2038 633 2094; x_wconf 68' lang='lat' dir='ltr'>colligit,</span> <span class='ocrx_word' id='word_1_274' title='bbox 658 2041 1009 2083; x_wconf 77' lang='lat' dir='ltr'>confabulantem</span> <span class='ocrx_word' id='word_1_275' title='bbox 1033 2042 1302 2095; x_wconf 76' lang='lat' dir='ltr'>offendisset,</span> <span class='ocrx_word' id='word_1_276' title='bbox 1321 2058 1371 2084; x_wconf 88' lang='lat' dir='ltr'>eo</span> <span class='ocrx_word' id='word_1_277' title='bbox 1405 2043 1501 2098; x_wconf 90' lang='lat' dir='ltr'>ipso</span> <span class='ocrx_word' id='word_1_278' title='bbox 1520 2050 1728 2099; x_wconf 85' lang='lat' dir='ltr'>tempore,</span> 
     </span>
     <span class='ocr_line' id='line_1_35' title="bbox 153 2094 1728 2155; baseline 0.003 -19"><span class='ocrx_word' id='word_1_279' title='bbox 153 2111 239 2152; x_wconf 86' lang='lat' dir='ltr'>quo</span> <span class='ocrx_word' id='word_1_280' title='bbox 271 2094 536 2136; x_wconf 74' lang='lat' dir='ltr'>exclamabat</span> <span class='ocrx_word' id='word_1_281' title='bbox 569 2097 939 2148; x_wconf 69' lang='lat' dir='ltr'>,‚eon1si‹lite“</span> <span class='ocrx_word' id='word_1_282' title='bbox 973 2114 1157 2155; x_wconf 86' lang='lat' dir='ltr'>eumque</span> <span class='ocrx_word' id='word_1_283' title='bbox 1180 2107 1279 2155; x_wconf 87' lang='lat' dir='ltr'>post</span> <span class='ocrx_word' id='word_1_284' title='bbox 1301 2099 1505 2143; x_wconf 86' lang='lat' dir='ltr'>adWin</span> <span class='ocrx_word' id='word_1_285' title='bbox 1524 2115 1617 2141; x_wconf 87' lang='lat' dir='ltr'>zer</span> <span class='ocrx_word' id='word_1_286' title='bbox 1631 2116 1657 2141; x_wconf 90' lang='lat' dir='ltr'>n</span> <span class='ocrx_word' id='word_1_287' title='bbox 1670 2117 1728 2149; x_wconf 79' lang='lat' dir='ltr'>m,</span> 
     </span>
     <span class='ocr_line' id='line_1_36' title="bbox 152 2153 1731 2212; baseline 0.003 -19"><span class='ocrx_word' id='word_1_288' title='bbox 152 2153 229 2208; x_wconf 88' lang='lat' dir='ltr'>qui</span> <span class='ocrx_word' id='word_1_289' title='bbox 268 2158 448 2193; x_wconf 88' lang='lat' dir='ltr'>sonante</span> <span class='ocrx_word' id='word_1_290' title='bbox 493 2154 747 2208; x_wconf 84' lang='lat' dir='ltr'>campanula</span> <span class='ocrx_word' id='word_1_291' title='bbox 791 2154 917 2196; x_wconf 91' lang='lat' dir='ltr'>domo</span> <span class='ocrx_word' id='word_1_292' title='bbox 966 2154 1011 2195; x_wconf 89' lang='lat' dir='ltr'>in</span> <span class='ocrx_word' id='word_1_293' title='bbox 1060 2155 1251 2197; x_wconf 90' lang='lat' dir='ltr'>sebolam</span> <span class='ocrx_word' id='word_1_294' title='bbox 1288 2155 1623 2212; x_wconf 87' lang='lat' dir='ltr'>cubiculumque</span> <span class='ocrx_word' id='word_1_295' title='bbox 1669 2156 1731 2197; x_wconf 93' lang='lat' dir='ltr'>ibi</span> 
     </span>
     <span class='ocr_line' id='line_1_37' title="bbox 153 2207 1732 2268; baseline 0.003 -19"><span class='ocrx_word' id='word_1_296' title='bbox 153 2224 277 2250; x_wconf 91' lang='lat' dir='ltr'>suum</span> <span class='ocrx_word' id='word_1_297' title='bbox 308 2207 462 2261; x_wconf 88' lang='lat' dir='ltr'>rediit,</span> <span class='ocrx_word' id='word_1_298' title='bbox 495 2208 917 2252; x_wconf 81' lang='lat' dir='ltr'>introduxisset</span> <span class='ocrx_word' id='word_1_299' title='bbox 955 2227 1201 2268; x_wconf 88' lang='lat' dir='ltr'>nomenque</span> <span class='ocrx_word' id='word_1_300' title='bbox 1241 2212 1364 2268; x_wconf 89' lang='lat' dir='ltr'>pueri</span> <span class='ocrx_word' id='word_1_301' title='bbox 1395 2212 1520 2268; x_wconf 87' lang='lat' dir='ltr'>quasi</span> <span class='ocrx_word' id='word_1_302' title='bbox 1550 2228 1636 2253; x_wconf 91' lang='lat' dir='ltr'>non</span> <span class='ocrx_word' id='word_1_303' title='bbox 1669 2229 1732 2254; x_wconf 89' lang='lat' dir='ltr'>sa·</span> 
     </span>
     <span class='ocr_line' id='line_1_38' title="bbox 152 2263 1730 2326; baseline 0.003 -20"><span class='ocrx_word' id='word_1_304' title='bbox 152 2264 206 2307; x_wconf 86' lang='lat' dir='ltr'>tis</span> <span class='ocrx_word' id='word_1_305' title='bbox 237 2263 457 2320; x_wconf 75' lang='lat' dir='ltr'>diligentis</span> <span class='ocrx_word' id='word_1_306' title='bbox 487 2264 529 2305; x_wconf 90' lang='lat' dir='ltr'>in</span> <span class='ocrx_word' id='word_1_307' title='bbox 560 2265 800 2308; x_wconf 87' lang='lat' dir='ltr'>studiorum</span> <span class='ocrx_word' id='word_1_308' title='bbox 833 2267 958 2309; x_wconf 89' lang='lat' dir='ltr'>initio</span> <span class='ocrx_word' id='word_1_309' title='bbox 990 2268 1234 2321; x_wconf 88' lang='lat' dir='ltr'>detulisset,</span> <span class='ocrx_word' id='word_1_310' title='bbox 1258 2276 1511 2326; x_wconf 81' lang='lat' dir='ltr'>praeceptor</span> <span class='ocrx_word' id='word_1_311' title='bbox 1539 2269 1730 2325; x_wconf 87' lang='lat' dir='ltr'>optimus</span> 
     </span>
     <span class='ocr_line' id='line_1_39' title="bbox 151 2320 1732 2381; baseline 0.003 -20"><span class='ocrx_word' id='word_1_312' title='bbox 151 2320 251 2362; x_wconf 89' lang='lat' dir='ltr'>huie</span> <span class='ocrx_word' id='word_1_313' title='bbox 282 2336 417 2377; x_wconf 89' lang='lat' dir='ltr'>puero</span> <span class='ocrx_word' id='word_1_314' title='bbox 446 2336 629 2376; x_wconf 87' lang='lat' dir='ltr'>poenam</span> <span class='ocrx_word' id='word_1_315' title='bbox 661 2322 837 2379; x_wconf 90' lang='lat' dir='ltr'>quidem</span> <span class='ocrx_word' id='word_1_316' title='bbox 879 2324 1095 2378; x_wconf 81' lang='lat' dir='ltr'>decrevit,</span> <span class='ocrx_word' id='word_1_317' title='bbox 1137 2324 1215 2366; x_wconf 87' lang='lat' dir='ltr'>sed</span> <span class='ocrx_word' id='word_1_318' title='bbox 1252 2333 1589 2380; x_wconf 87' lang='lat' dir='ltr'>conquerentem</span> <span class='ocrx_word' id='word_1_319' title='bbox 1631 2333 1732 2381; x_wconf 86' lang='lat' dir='ltr'>post</span> 
     </span>
     <span class='ocr_line' id='line_1_40' title="bbox 154 2376 1729 2437; baseline 0.003 -18"><span class='ocrx_word' id='word_1_320' title='bbox 154 2386 293 2419; x_wconf 88' lang='lat' dir='ltr'>tamen</span> <span class='ocrx_word' id='word_1_321' title='bbox 337 2376 515 2418; x_wconf 66' lang='lat' dir='ltr'>audivit.</span> <span class='ocrx_word' id='word_1_322' title='bbox 601 2379 643 2420; x_wconf 88' lang='lat' dir='ltr'>Is</span> <span class='ocrx_word' id='word_1_323' title='bbox 683 2379 824 2433; x_wconf 90' lang='lat' dir='ltr'>enim,</span> <span class='ocrx_word' id='word_1_324' title='bbox 876 2380 920 2421; x_wconf 90' lang='lat' dir='ltr'>in</span> <span class='ocrx_word' id='word_1_325' title='bbox 958 2381 1098 2422; x_wconf 88' lang='lat' dir='ltr'>literis</span> <span class='ocrx_word' id='word_1_326' title='bbox 1140 2388 1182 2422; x_wconf 90' lang='lat' dir='ltr'>et</span> <span class='ocrx_word' id='word_1_327' title='bbox 1223 2381 1469 2437; x_wconf 78' lang='lat' dir='ltr'>disciplinis</span> <span class='ocrx_word' id='word_1_328' title='bbox 1507 2389 1729 2436; x_wconf 88' lang='lat' dir='ltr'>strenuus,</span> 
     </span>
     <span class='ocr_line' id='line_1_41' title="bbox 153 2433 1729 2494; baseline 0.003 -19"><span class='ocrx_word' id='word_1_329' title='bbox 153 2442 253 2490; x_wconf 89' lang='lat' dir='ltr'>post</span> <span class='ocrx_word' id='word_1_330' title='bbox 292 2433 410 2474; x_wconf 88' lang='lat' dir='ltr'>linita</span> <span class='ocrx_word' id='word_1_331' title='bbox 452 2433 525 2475; x_wconf 91' lang='lat' dir='ltr'>illa</span> <span class='ocrx_word' id='word_1_332' title='bbox 557 2435 699 2476; x_wconf 88' lang='lat' dir='ltr'>studia</span> <span class='ocrx_word' id='word_1_333' title='bbox 737 2436 904 2493; x_wconf 80' lang='lat' dir='ltr'>privata</span> <span class='ocrx_word' id='word_1_334' title='bbox 935 2437 1042 2479; x_wconf 88' lang='lat' dir='ltr'>adiit</span> <span class='ocrx_word' id='word_1_335' title='bbox 1073 2437 1275 2479; x_wconf 89' lang='lat' dir='ltr'>dilectum</span> <span class='ocrx_word' id='word_1_336' title='bbox 1308 2445 1632 2494; x_wconf 88' lang='lat' dir='ltr'>praeceptorem</span> <span class='ocrx_word' id='word_1_337' title='bbox 1663 2454 1729 2479; x_wconf 87' lang='lat' dir='ltr'>ro-</span> 
     </span>
     <span class='ocr_line' id='line_1_42' title="bbox 154 2490 1729 2551; baseline 0.004 -22"><span class='ocrx_word' id='word_1_338' title='bbox 154 2490 375 2545; x_wconf 71' lang='lat' dir='ltr'>gavitque,</span> <span class='ocrx_word' id='word_1_339' title='bbox 407 2497 454 2530; x_wconf 88' lang='lat' dir='ltr'>ut</span> <span class='ocrx_word' id='word_1_340' title='bbox 485 2490 569 2530; x_wconf 88' lang='lat' dir='ltr'>sibi</span> <span class='ocrx_word' id='word_1_341' title='bbox 602 2493 864 2546; x_wconf 67' lang='lat' dir='ltr'>ignosceret,</span> <span class='ocrx_word' id='word_1_342' title='bbox 904 2493 941 2534; x_wconf 91' lang='lat' dir='ltr'>si</span> <span class='ocrx_word' id='word_1_343' title='bbox 973 2493 1079 2550; x_wconf 87' lang='lat' dir='ltr'>quid</span> <span class='ocrx_word' id='word_1_344' title='bbox 1111 2494 1330 2536; x_wconf 80' lang='lat' dir='ltr'>videretur</span> <span class='ocrx_word' id='word_1_345' title='bbox 1361 2494 1598 2551; x_wconf 88' lang='lat' dir='ltr'>deliquisse</span> <span class='ocrx_word' id='word_1_346' title='bbox 1630 2510 1729 2551; x_wconf 92' lang='lat' dir='ltr'>poe-</span> 
     </span>
     <span class='ocr_line' id='line_1_43' title="bbox 153 2549 1730 2641; baseline 0.003 -54"><span class='ocrx_word' id='word_1_347' title='bbox 153 2561 354 2602; x_wconf 90' lang='lat' dir='ltr'>namque,</span> <span class='ocrx_word' id='word_1_348' title='bbox 379 2561 461 2641; x_wconf 46' lang='grc' dir='ltr'>Ὑὶω</span> <span class='ocrx_word' id='word_1_349' title='bbox 481 2549 712 2588; x_wconf 89' lang='lat' dir='ltr'>carendum</span> <span class='ocrx_word' id='word_1_350' title='bbox 743 2557 859 2590; x_wconf 87' lang='lat' dir='ltr'>essct</span> <span class='ocrx_word' id='word_1_351' title='bbox 883 2565 1016 2591; x_wconf 89' lang='lat' dir='ltr'>coena</span> <span class='ocrx_word' id='word_1_352' title='bbox 1040 2550 1182 2591; x_wconf 86' lang='lat' dir='ltr'>sutura</span> <span class='ocrx_word' id='word_1_353' title='bbox 1205 2550 1474 2607; x_wconf 88' lang='lat' dir='ltr'>insequentis</span> <span class='ocrx_word' id='word_1_354' title='bbox 1497 2550 1599 2603; x_wconf 90' lang='lat' dir='ltr'>diei,</span> <span class='ocrx_word' id='word_1_355' title='bbox 1632 2566 1730 2592; x_wconf 91' lang='lat' dir='ltr'>eon-</span> 
     </span>
     <span class='ocr_line' id='line_1_44' title="bbox 155 2601 1729 2663; baseline 0.002 -19"><span class='ocrx_word' id='word_1_356' title='bbox 155 2603 347 2644; x_wconf 88' lang='lat' dir='ltr'>douaret.</span> <span class='ocrx_word' id='word_1_357' title='bbox 436 2601 589 2642; x_wconf 91' lang='lat' dir='ltr'>rimum</span> <span class='ocrx_word' id='word_1_358' title='bbox 612 2603 934 2646; x_wconf 44' lang='lat' dir='ltr'>NVinzcrus:</span> <span class='ocrx_word' id='word_1_359' title='bbox 965 2606 1205 2661; x_wconf 70' lang='lat' dir='ltr'>ignoscam,</span> <span class='ocrx_word' id='word_1_360' title='bbox 1232 2607 1391 2663; x_wconf 85' lang='lat' dir='ltr'>inquit,</span> <span class='ocrx_word' id='word_1_361' title='bbox 1414 2607 1507 2661; x_wconf 88' lang='lat' dir='ltr'>tibi,</span> <span class='ocrx_word' id='word_1_362' title='bbox 1534 2607 1609 2648; x_wconf 90' lang='lat' dir='ltr'>scd</span> <span class='ocrx_word' id='word_1_363' title='bbox 1631 2623 1729 2649; x_wconf 90' lang='lat' dir='ltr'>con·</span> 
     </span>
     <span class='ocr_line' id='line_1_45' title="bbox 154 2659 1730 2720; baseline 0.003 -20"><span class='ocrx_word' id='word_1_364' title='bbox 154 2659 315 2701; x_wconf 88' lang='lat' dir='ltr'>donare</span> <span class='ocrx_word' id='word_1_365' title='bbox 347 2672 528 2713; x_wconf 89' lang='lat' dir='ltr'>poenam</span> <span class='ocrx_word' id='word_1_366' title='bbox 550 2674 635 2699; x_wconf 90' lang='lat' dir='ltr'>non</span> <span class='ocrx_word' id='word_1_367' title='bbox 665 2675 858 2715; x_wconf 87' lang='lat' dir='ltr'>possum.</span> <span class='ocrx_word' id='word_1_368' title='bbox 903 2661 1045 2714; x_wconf 87' lang='lat' dir='ltr'>Quem</span> <span class='ocrx_word' id='word_1_369' title='bbox 1066 2662 1265 2717; x_wconf 88' lang='lat' dir='ltr'>pauculis</span> <span class='ocrx_word' id='word_1_370' title='bbox 1290 2664 1407 2705; x_wconf 87' lang='lat' dir='ltr'>horis</span> <span class='ocrx_word' id='word_1_371' title='bbox 1434 2670 1534 2720; x_wconf 90' lang='lat' dir='ltr'>post</span> <span class='ocrx_word' id='word_1_372' title='bbox 1553 2663 1626 2704; x_wconf 90' lang='lat' dir='ltr'>ille</span> <span class='ocrx_word' id='word_1_373' title='bbox 1655 2663 1730 2705; x_wconf 92' lang='lat' dir='ltr'>ite-</span> 
     </span>
     <span class='ocr_line' id='line_1_46' title="bbox 153 2714 1727 2775; baseline 0.003 -18"><span class='ocrx_word' id='word_1_374' title='bbox 153 2731 249 2757; x_wconf 87' lang='lat' dir='ltr'>rum</span> <span class='ocrx_word' id='word_1_375' title='bbox 286 2714 392 2755; x_wconf 90' lang='lat' dir='ltr'>adiit</span> <span class='ocrx_word' id='word_1_376' title='bbox 435 2721 563 2770; x_wconf 89' lang='lat' dir='ltr'>atque</span> <span class='ocrx_word' id='word_1_377' title='bbox 604 2717 803 2772; x_wconf 77' lang='lat' dir='ltr'>exposita</span> <span class='ocrx_word' id='word_1_378' title='bbox 846 2716 986 2758; x_wconf 83' lang='lat' dir='ltr'>fusius</span> <span class='ocrx_word' id='word_1_379' title='bbox 1028 2718 1144 2758; x_wconf 85' lang='lat' dir='ltr'>omni</span> <span class='ocrx_word' id='word_1_380' title='bbox 1186 2735 1336 2761; x_wconf 84' lang='lat' dir='ltr'>caussa</span> <span class='ocrx_word' id='word_1_381' title='bbox 1367 2721 1508 2761; x_wconf 88' lang='lat' dir='ltr'>denuo</span> <span class='ocrx_word' id='word_1_382' title='bbox 1540 2720 1727 2775; x_wconf 73' lang='lat' dir='ltr'>rogavit,</span> 
     </span>
     <span class='ocr_line' id='line_1_47' title="bbox 155 2772 1728 2832; baseline 0.002 -19"><span class='ocrx_word' id='word_1_383' title='bbox 155 2772 283 2813; x_wconf 89' lang='lat' dir='ltr'>ctiam</span> <span class='ocrx_word' id='word_1_384' title='bbox 318 2772 399 2812; x_wconf 87' lang='lat' dir='ltr'>hoe</span> <span class='ocrx_word' id='word_1_385' title='bbox 442 2779 696 2826; x_wconf 77' lang='lat' dir='ltr'>argumento</span> <span class='ocrx_word' id='word_1_386' title='bbox 733 2788 854 2825; x_wconf 89' lang='lat' dir='ltr'>usus,</span> <span class='ocrx_word' id='word_1_387' title='bbox 899 2788 945 2814; x_wconf 88' lang='lat' dir='ltr'>sc</span> <span class='ocrx_word' id='word_1_388' title='bbox 984 2775 1174 2815; x_wconf 77' lang='lat' dir='ltr'>nondum</span> <span class='ocrx_word' id='word_1_389' title='bbox 1220 2792 1313 2817; x_wconf 83' lang='lat' dir='ltr'>csse</span> <span class='ocrx_word' id='word_1_390' title='bbox 1355 2792 1489 2832; x_wconf 88' lang='lat' dir='ltr'>poena</span> <span class='ocrx_word' id='word_1_391' title='bbox 1529 2777 1728 2818; x_wconf 79' lang='lat' dir='ltr'>affectum</span> 
     </span>
     <span class='ocr_line' id='line_1_48' title="bbox 155 2826 1725 2888; baseline 0.001 -18"><span class='ocrx_word' id='word_1_392' title='bbox 155 2828 243 2870; x_wconf 88' lang='lat' dir='ltr'>nlla</span> <span class='ocrx_word' id='word_1_393' title='bbox 284 2826 489 2884; x_wconf 89' lang='lat' dir='ltr'>omnique</span> <span class='ocrx_word' id='word_1_394' title='bbox 533 2827 676 2869; x_wconf 88' lang='lat' dir='ltr'>studio</span> <span class='ocrx_word' id='word_1_395' title='bbox 724 2828 918 2882; x_wconf 81' lang='lat' dir='ltr'>cavisse,</span> <span class='ocrx_word' id='word_1_396' title='bbox 970 2846 1022 2870; x_wconf 84' lang='lat' dir='ltr'>ue</span> <span class='ocrx_word' id='word_1_397' title='bbox 1066 2831 1186 2873; x_wconf 83' lang='lat' dir='ltr'>loeus</span> <span class='ocrx_word' id='word_1_398' title='bbox 1228 2847 1394 2888; x_wconf 86' lang='lat' dir='ltr'>poenae</span> <span class='ocrx_word' id='word_1_399' title='bbox 1438 2832 1552 2874; x_wconf 87' lang='lat' dir='ltr'>ullus</span> <span class='ocrx_word' id='word_1_400' title='bbox 1594 2840 1725 2885; x_wconf 88' lang='lat' dir='ltr'>esset,</span> 
     </span>
     <span class='ocr_line' id='line_1_49' title="bbox 157 2883 1726 2942; baseline 0.002 -15"><span class='ocrx_word' id='word_1_401' title='bbox 157 2885 215 2927; x_wconf 89' lang='lat' dir='ltr'>ita</span> <span class='ocrx_word' id='word_1_402' title='bbox 264 2884 439 2942; x_wconf 88' lang='lat' dir='ltr'>quidem</span> <span class='ocrx_word' id='word_1_403' title='bbox 478 2883 742 2927; x_wconf 82' lang='lat' dir='ltr'>admonitum</span> <span class='ocrx_word' id='word_1_404' title='bbox 775 2902 796 2926; x_wconf 92' lang='lat' dir='ltr'>a</span> <span class='ocrx_word' id='word_1_405' title='bbox 830 2887 1097 2941; x_wconf 84' lang='lat' dir='ltr'>parentibus.</span> <span class='ocrx_word' id='word_1_406' title='bbox 1170 2888 1283 2930; x_wconf 83' lang='lat' dir='ltr'>Tum</span> <span class='ocrx_word' id='word_1_407' title='bbox 1324 2905 1488 2931; x_wconf 76' lang='lat' dir='ltr'>suinma</span> <span class='ocrx_word' id='word_1_408' title='bbox 1529 2888 1726 2931; x_wconf 80' lang='lat' dir='ltr'>comitate</span> 
     </span>
    </p>
   </div>
  </div>
 </body>
</html>
