1835 3215
847 120 930 163 235

153 236 247 283 ffion
275 237 379 292 tenen
409 235 694 292 metternbcrgen,
724 236 779 282 bie
809 236 847 282 in
877 235 976 280 betae
1005 236 1121 292 spano

154 293 452 346 Butrauenssboss
483 292 540 342 ibt·
571 292 726 342 ssiebfflss
754 292 978 348 tibergaben,

156 354 236 394 uuo
268 349 322 394 bie
353 348 422 394 mit
453 348 599 400 rcicmm
631 351 793 401 {Becher
821 355 922 395 bonu
1112 404 1117 412 Ι

152 406 235 460 ἳςῑπ
264 405 422 452 ,ῖῗῑείηοῡ
452 406 557 458 cbter,
585 408 741 461 Μινώα
771 407 859 454 eiust
887 403 1012 462 sunit?
1042 405 1233 460 etbtelten!

155 465 196 509 D
227 463 314 510 [ebo
345 462 450 506 mitte
481 463 568 515 fort,
600 463 668 508 mie
699 466 774 509 eine
804 464 915 515 &rael

152 520 260 570 mod>
290 518 405 570 Straft
430 518 706 580 sulffltissionen
735 520 888 566 Reimea
920 522 1088 575 tument»

153 576 209 627 311
237 572 527 627 unncrgciuqttd)
561 573 711 626 {tbssnen
743 577 908 627 {butem

154 632 210 686 311
238 632 393 686 gotonet
425 630 539 676 Θααῐ
569 630 630 686 fiir
660 635 737 689 jene
766 632 967 689 &migFeitt

835 832 924 894 44.

95 941 568 1000 Oratiuncula
610 943 823 999 ludicra
870 944 939 998 de
986 945 1174 1001 schola
1209 945 1424 1000 Asi-ana
1474 945 1672 1002 hilari-

93 1032 213 1084 tatis
254 1044 477 1106 parente
517 1043 680 1104 atque
720 1031 904 1087 altrice
944 1035 1177 1108 optima,
1219 1052 1388 1106 quam
1428 1034 1486 1087 in
1520 1046 1673 1089 vete-

93 1138 218 1172 rum
257 1120 599 1174 Asranorum
641 1131 798 1174 coetu
836 1120 1176 1175 recitandam
1222 1121 1325 1175 sibi
1364 1141 1671 1197 proposue—

95 1218 178 1259 rat
217 1205 282 1260 G.
324 1207 467 1261 Vuil.
493 1207 767 1275 Mallem,
807 1209 1026 1263 scholae
1065 1210 1121 1262 in
1164 1210 1427 1264 coenobio
1466 1209 1670 1266 Beatae

230 1293 464 1368 Virginis
499 1295 652 1369 apud
674 1293 1173 1370 Magdeburgenses
1205 1297 1525 1353 constitutae

568 1381 767 1436 Rector
807 1394 857 1436 et
898 1382 1195 1438 Professor.

94 1485 155 1532 Si
185 1486 289 1527 mihi
321 1503 495 1545 quoque
526 1488 607 1530 hoc
637 1503 731 1529 meo
764 1486 815 1528 de
846 1487 943 1529 loco
978 1487 1121 1530 dicere
1151 1489 1295 1542 liceat,
1329 1489 1440 1544 Vos,
1472 1490 1571 1534 Viri
1599 1494 1671 1535 ho-

93 1543 383 1596 noratissimi,
430 1544 760 1586 contubernales
801 1543 903 1585 olim
944 1544 988 1584 in
1028 1545 1097 1585 his
1128 1544 1352 1587 Musarum
1381 1548 1532 1589 castris
1567 1549 1670 1592 dile-

95 1599 301 1652 ctissimi,
345 1600 497 1655 paucis
538 1601 784 1641 etiamnunc
833 1601 990 1641 morari
1029 1601 1185 1652 velim,
1242 1602 1568 1658 praedicaturus
1609 1607 1671 1648 de

94 1655 284 1696 schola
313 1665 510 1697 nostra
534 1657 744 1697 Afrana
768 1656 1090 1697 hilaritatis
1122 1666 1354 1713 parente
1386 1667 1435 1700 et
1464 1661 1671 1704 altrice

93 1711 318 1767 optima.
381 1714 529 1768 Atque
562 1713 636 1769 qui
667 1712 794 1753 modo
827 1720 997 1765 orator,
1041 1721 1083 1754 et
1111 1713 1256 1755 verbis
1289 1715 1474 1771 primum
1507 1716 1671 1760 Tullia-

92 1768 159 1809 nis
192 1777 234 1809 et
263 1767 419 1810 deinde
448 1769 641 1810 oratione
674 1784 751 1810 sua
782 1768 996 1810 Germana
1032 1785 1165 1821 usus,
1195 1770 1330 1812 multa
1363 1771 1509 1814 iocose
1540 1783 1583 1816 et
1613 1776 1670 1817 fe-

94 1826 201 1865 stive
243 1824 378 1878 dixit,
424 1825 797 1882 Boettigerus
848 1826 1075 1882 professor
1114 1827 1408 1882 Draedensis,
1457 1829 1524 1872 his
1563 1832 1671 1889 ipsis

94 1880 330 1923 clarissime
360 1882 682 1938 comprobavit,
724 1897 868 1924 veram
897 1890 1026 1938 atque
1057 1891 1216 1924 certam
1247 1899 1343 1925 esse
1372 1886 1592 1943 antiquam
1624 1889 1672 1931 il-

93 1937 175 1978 lam
229 1938 409 1990 famam,
457 1955 541 1994 qua
590 1946 768 1979 matrem
819 1940 1067 1995 acecpimus
1116 1948 1288 1981 sanctae
1337 1942 1498 1997 Afrae,
1549 1945 1671 1988 euius

93 1993 257 2034 nomini
289 2002 330 2035 et
358 1996 563 2050 templum
604 1996 685 2036 hoc
726 1995 771 2035 in
814 2004 959 2036 monte
994 2003 1036 2036 et
1074 1997 1332 2039 coenobium
1373 2010 1670 2044 consecratum

94 2050 195 2091 olim
227 2058 317 2103 est,
352 2050 487 2092 fnisse
520 2051 814 2092 Hilariam.
896 2051 1267 2108 Boettigerus
1310 2056 1452 2109 enim,
1494 2058 1559 2098 vir
1590 2059 1672 2101 ela—

92 2106 316 2160 rissimus,
357 2115 399 2147 et
438 2107 534 2163 ipse
572 2107 640 2148 his
678 2107 724 2148 in
756 2107 909 2163 spatiis
940 2108 1130 2150 nutritus
1159 2118 1202 2151 ct
1231 2111 1284 2151 ad
1316 2112 1671 2157 hilaritatem

95 2162 302 2204 educatus
334 2172 416 2216 est,
448 2163 689 2219 posteriore
718 2163 894 2220 quidem
920 2172 1142 2222 tempore>
1177 2182 1306 2223 quam
1338 2183 1446 2223 ego,
1477 2169 1672 2214 Miilte-

93 2235 153 2260 ru
169 2235 187 2260 s
218 2219 471 2275 Thuringus
495 2227 536 2260 et
560 2220 733 2276 quidem
756 2219 1140 2275 Memlebenensis‚
1164 2239 1186 2263 a
1208 2232 1346 2278 patre,
1371 2233 1460 2266 tum
1485 2225 1670 2270 Roehrs-

95 2275 218 2318 dorfii
257 2292 394 2333 prope
434 2275 725 2318 Chcmnitium
772 2275 825 2316 de
866 2276 1003 2318 salute
1042 2278 1291 2321 hominihus
1334 2279 1541 2324 divinitus
1574 2284 1671 2327 data

95 2332 405 2387 concionante,
447 2332 619 2374 scholae
661 2332 854 2373 Afranae
891 2333 1078 2374 traditus
1120 2335 1231 2376 intra
1260 2337 1338 2378 hos
1369 2339 1668 2384 sanctissimos

93 2389 279 2446 parietes
311 2404 411 2446 per
442 2404 616 2430 annos
659 2388 904 2446 quinque
945 2389 1112 2432 artibus
1151 2391 1379 2450 literisque
1408 2394 1666 2441 liberalibus

95 2461 268 2503 operam
298 2445 465 2488 navavi.

207 2502 342 2558 Agite
373 2516 488 2553 vero,
523 2516 671 2542 omnes
703 2500 778 2558 qui
809 2500 986 2555 adestis,
1006 2503 1189 2546 maxime
1220 2506 1421 2563 aequales
1451 2509 1552 2562 mei,
1574 2524 1668 2566 per-

93 2558 250 2599 mittite
290 2557 395 2598 mihi
441 2572 640 2598 revocare
680 2557 1021 2600 recordationem
1061 2568 1253 2603 veterum
1296 2570 1540 2621 temporum
1580 2567 1667 2609 hic

94 2615 239 2656 laete
270 2621 580 2655 transactorum
610 2622 651 2655 ct
678 2614 924 2657 memoriam
957 2615 1181 2660 doctorum
1212 2626 1302 2660 tum
1326 2620 1395 2663 hie
1419 2622 1667 2664 docentium

96 2670 362 2712 iuventutem
392 2670 598 2711 Afranam
641 2678 683 2712 et
713 2670 1031 2714 instituentium
1061 2675 1383 2731 redintegrare,
1424 2686 1552 2735 atque
1584 2679 1666 2722 hoc

96 2725 193 2781 ipso
222 2728 347 2768 modo
378 2734 615 2768 monstrare
642 2727 739 2770 luce
770 2727 947 2784 clarius,
980 2731 1171 2774 scholam
1193 2732 1402 2776 Afranam
1429 2735 1557 2778 etiam
1576 2744 1666 2778 tum

96 2782 323 2823 hilaritatis
355 2781 545 2823 altricem
578 2783 728 2825 fuisse.

209 2838 303 2879 lllis
338 2838 450 2879 enim
481 2838 622 2892 anniS‚
653 2855 697 2895 p.
724 2840 828 2884 Chr.
850 2858 893 2884 n.
916 2844 1128 2886 milesimo
1157 2845 1514 2901 octingentesimo
1542 2854 1664 2888 sexto

99 2909 148 2937 ae
199 2893 404 2951 deinceps
447 2895 755 2952 sequentibus,
808 2898 1043 2944 Carolus
1091 2901 1373 2943 Henrieus
1425 2901 1663 2945 Tzschu-
