1835 3215
888 130 972 173 208

144 243 270 285 etiam
299 243 410 285 vitae
440 241 686 298 integritate
717 249 760 283 et
788 242 987 300 exemplo
1019 241 1198 284 summis
1230 239 1477 297 infimisque
1509 241 1566 282 ita
1610 255 1721 282 com·

144 300 395 347 mcudabat,
441 306 484 340 ut
523 299 575 338 ad
614 297 930 340 institutionem
973 306 1014 339 et
1052 297 1329 352 disciplinam
1361 297 1586 339 universae
1617 298 1723 339 Ger-

144 357 308 398 maniae
341 364 464 397 natus
496 355 823 411 instructusque
854 355 1086 396 videretur.
1147 354 1251 395 Mox
1283 361 1424 395 autem
1445 353 1725 410 exsplenduit

145 413 313 455 illustre
346 412 545 453 Lessin
564 411 644 467 gii
675 411 814 464 sidus,
848 412 901 452 ad
933 412 1057 453 euius
1098 410 1270 451 laudem
1309 426 1441 467 quum
1479 418 1625 451 nostra
1667 410 1724 451 sa-

144 471 300 511 cundia
333 485 417 510 non
450 469 647 521 sufficiat,
682 469 762 510 boe
795 484 926 509 unum
960 468 1102 509 dicere
1132 467 1276 520 liceat,
1304 466 1472 509 nullum
1503 467 1724 508 literarum

145 542 282 582 genus
313 541 427 577 esse,
460 525 504 566 in
542 540 628 581 quo
662 525 734 566 ille
760 540 845 566 non
874 523 1177 576 elaboraverit,
1204 538 1357 565 novam
1395 524 1536 565 lucem
1579 538 1724 564 acceu—

145 584 271 634 derit,
313 582 519 623 certiores
563 581 651 623 vias
691 581 922 638 aperuerit.
995 579 1321 622 Celebravimus
1363 588 1461 621 ante
1503 579 1724 621 biennium

145 641 223 680 boc
255 640 350 695 ipso
392 638 462 679 die
506 639 759 679 immortalis
803 637 882 679 viri
917 637 1183 689 memoriam,
1214 644 1304 678 toto
1337 637 1529 690 saeculo,
1560 652 1613 678 ex
1641 651 1726 692 quo

144 696 216 736 illc
255 695 367 736 inter
403 695 599 736 alumnos
637 695 766 736 buius
805 694 977 736 scholae
1029 693 1318 745 consedisset,
1373 702 1551 745 exacto,
1596 692 1726 733 bodie

144 752 374 808 imaginem
406 752 499 793 eius
533 751 706 808 publice
737 759 1030 793 consecratam
1054 749 1267 803 videmus,
1291 750 1486 805 profecto
1515 748 1724 805 insignio-

142 825 230 850 rem
264 808 420 866 clipeis
452 808 540 850 illis
573 816 614 849 et
645 808 817 859 statuis,
850 807 1010 865 quibus
1043 815 1227 859 veteres,
1271 821 1381 863 quos
1421 807 1615 847 colerent
1659 805 1728 846 vel

143 865 436 917 adularentur,
478 880 632 906 ornare
678 864 892 917 solebant,
935 873 977 905 et
1019 864 1071 904 ad
1111 863 1338 905 excitanda
1378 870 1421 904 et
1455 861 1725 905 incendenda

143 921 316 978 ingenia
348 922 642 963 efficaciorem.

256 979 503 1020 Ambitiosa
533 977 751 1019 videretur
781 977 917 1018 oratio
950 984 1113 1029 nostra,
1148 976 1185 1017 si
1217 976 1271 1017 ad
1299 975 1587 1017 recentiorem
1617 981 1728 1015 aeta-

145 1044 228 1077 tem
260 1035 560 1088 descenderet,
594 1043 636 1076 ct
664 1034 769 1075 satis
802 1032 1213 1085 demonstravimus,
1244 1032 1366 1073 nullo
1408 1041 1605 1088 tempore
1645 1031 1727 1071 hoe

143 1093 239 1134 loco
271 1092 481 1144 defuisse,
514 1091 590 1148 qui
619 1091 829 1132 bonarum
860 1090 1013 1131 artium
1045 1090 1325 1131 hereditatem
1357 1104 1380 1129 a
1411 1087 1645 1130 maioribus
1675 1086 1728 1127 ad

145 1164 190 1189 se
225 1149 422 1190 traditam
454 1148 607 1189 iisdem
640 1147 803 1189 artibus
834 1147 1106 1188 continerent
1137 1155 1179 1187 ct
1199 1153 1425 1201 augerent.
1488 1146 1637 1201 Atque
1667 1143 1727 1184 ita

145 1205 274 1246 simul
306 1205 631 1260 magistrorum,
664 1205 739 1260 qui
771 1219 850 1260 per
880 1203 976 1244 illas
1008 1210 1168 1243 aetates
1208 1200 1479 1243 institutioni
1518 1208 1560 1241 ct
1601 1200 1728 1241 disci·

144 1262 288 1317 pliuae
319 1262 617 1318 praefuerunt,
649 1260 800 1301 laudes
830 1259 934 1300 satis
958 1260 1226 1315 praedicatas
1252 1258 1567 1310 existimamus,
1593 1271 1728 1312 quum

145 1317 381 1359 leliciorem
417 1317 691 1372 ingeniorum
724 1323 982 1372 proventum
1015 1315 1141 1355 cdere
1174 1323 1349 1355 naturae
1372 1314 1429 1355 sit
1453 1312 1726 1364 beneficium,

144 1374 409 1416 instituenda
441 1374 514 1415 illa
546 1382 588 1415 et
617 1373 840 1414 formanda
878 1372 1076 1428 accipere
1107 1372 1305 1412 fortunae
1337 1378 1380 1411 et
1409 1370 1624 1426 benignae
1654 1369 1727 1409 lio—

144 1431 305 1472 minum
349 1429 699 1481 existimationis,
742 1429 818 1470 sed
856 1429 1020 1470 nutrire
1061 1428 1280 1483 igniculos
1322 1437 1365 1468 et
1406 1426 1603 1482 sapiente
1641 1425 1727 1466 eibi

144 1503 359 1545 curaeque
409 1487 783 1528 administratione
825 1486 883 1527 ita
916 1492 1173 1541 temperare,
1225 1492 1273 1525 ut
1320 1483 1373 1524 ad
1421 1482 1727 1525 illustrandum

144 1560 283 1600 genus
332 1545 566 1585 humanum
610 1543 858 1599 effulgeant,
910 1557 995 1583 non
1037 1542 1089 1582 ad
1128 1540 1377 1582 incendium
1417 1547 1459 1581 et
1495 1538 1728 1580 multorum

143 1601 445 1655 calamitatem,
478 1616 658 1656 magnac
689 1599 946 1655 prudentiae
985 1606 1028 1639 et
1071 1598 1236 1639 assidui
1273 1596 1453 1638 laboris.
1523 1595 1725 1636 Ceterum

145 1657 215 1710 iis,
250 1673 359 1714 quos
389 1664 541 1697 natura
571 1655 761 1709 largiore
787 1654 1049 1695 liberalitate
1080 1653 1303 1704 instruxit,
1344 1667 1518 1706 operam
1559 1651 1726 1707 impen-

144 1713 245 1755 dere
288 1712 520 1754 iucundius
581 1710 805 1766 negotium
859 1717 925 1751 est
964 1717 1007 1750 et
1047 1724 1227 1765 maguae
1259 1708 1353 1763 spei
1395 1708 1599 1763 plenum5
1649 1707 1727 1748 sed

142 1786 231 1811 non
263 1769 477 1810 arridente
509 1767 717 1818 Fortuna,
750 1781 861 1822 quae
893 1774 939 1806 ut
967 1765 1132 1821 reliqua
1165 1765 1325 1816 omnia,
1359 1765 1418 1805 ita
1459 1763 1624 1819 ingenii
1653 1763 1726 1804 bo-

143 1843 196 1867 na
230 1825 503 1883 dispertitur,
536 1823 721 1865 docendi
753 1831 794 1864 et
834 1821 1047 1863 educandi
1088 1821 1344 1862 bilaritatem
1386 1835 1472 1861 non
1511 1820 1725 1872 amittere,

143 1898 285 1939 neque
318 1883 564 1938 desperare,
598 1880 673 1921 ubi
704 1895 757 1921 cx
791 1878 912 1920 tenui
945 1878 1012 1919 vel
1042 1877 1272 1919 admodum
1303 1876 1515 1918 mediocri
1549 1876 1726 1918 materia

143 1940 341 1996 egregias
374 1946 537 1980 statuas
567 1936 763 1978 homines
800 1935 1042 1992 deposcunt
1079 1942 1121 1975 et
1162 1934 1372 1975 artificum
1413 1933 1481 1974 vel
1526 1932 1725 1976 inertiam

144 1996 211 2037 vel
243 2011 410 2037 errores
443 1995 661 2045 incusant,
693 1993 730 2033 si
760 2007 872 2048 opus
903 1991 957 2032 ad
994 1991 1109 2032 illam
1151 2006 1280 2047 quam
1323 1997 1613 2045 conceperant
1654 2004 1725 2030 ex-

144 2051 455 2108 spectationem
486 2066 571 2092 non
602 2049 845 2106 respondit,
875 2063 924 2089 ea
954 2063 1056 2088 sane
1083 2048 1197 2089 lenta
1226 2054 1268 2087 et
1298 2046 1524 2087 fastidiosa
1547 2061 1617 2088 res
1641 2053 1722 2087 est.

144 2110 264 2151 Haec
303 2108 464 2161 omnia,
505 2123 591 2164 quo
631 2105 766 2161 magis
805 2105 1088 2161 negliguntur
1125 2111 1167 2145 et
1200 2109 1410 2155 tacentur,
1445 2102 1488 2143 in
1521 2117 1726 2158 praecep-

145 2165 310 2206 toribus
355 2165 539 2206 maxime
587 2161 821 2205 laudabilia
869 2177 964 2203 esse
1006 2167 1222 2218 apparet,
1263 2159 1340 2200 sed
1371 2158 1467 2215 quis
1500 2159 1609 2200 ferat
1637 2158 1724 2199 lau-

146 2222 318 2263 dantem
350 2237 420 2262 eas
453 2229 582 2273 artes,
618 2220 661 2260 in
694 2218 854 2276 quibus
886 2217 1139 2259 exercendis
1169 2216 1263 2272 ipse
1292 2231 1390 2256 cum
1423 2214 1555 2255 sociis
1588 2215 1724 2271 potis-

143 2279 299 2320 simum
329 2277 555 2320 versatur?
582 2276 723 2332 Igitur
750 2274 1135 2332 praetermittimus
1167 2271 1378 2329 quicquid
1414 2270 1456 2311 in
1489 2285 1540 2311 co
1566 2285 1725 2326 genere

143 2335 196 2375 ad
225 2335 434 2376 bonorem
465 2334 699 2375 multorum
731 2339 774 2373 et
803 2331 879 2388 qui
910 2331 1078 2384 vivunt,
1111 2338 1154 2371 et
1185 2329 1261 2386 qui
1290 2328 1357 2368 his
1387 2326 1613 2368 laboribus
1634 2328 1725 2369 lau-

144 2390 360 2447 dibusque
393 2390 639 2431 iamdudum
672 2389 865 2430 defuncti
908 2395 1026 2440 sunt,
1067 2387 1155 2428 diei
1190 2392 1360 2442 potesta
1404 2384 1480 2424 sed
1515 2398 1609 2436 vos,
1649 2383 1724 2439 qui

145 2462 270 2487 senes
302 2455 344 2489 et
372 2447 656 2502 provectioris
693 2445 844 2487 aetatis
875 2444 957 2486 viri
984 2444 1146 2485 adestis
1177 2443 1292 2483 hune
1319 2440 1430 2481 diem
1472 2448 1514 2481 et
1560 2439 1725 2481 adoles-

145 2503 310 2544 centiae
350 2511 518 2543 vestrae
556 2502 898 2544 recordationem
939 2498 1215 2552 celebraturi,
1247 2498 1357 2538 bene
1388 2497 1478 2538 scio
1510 2511 1628 2538 nunc
1664 2504 1724 2537 ta-

145 2560 229 2600 cita
257 2558 530 2600 veneratione
559 2558 748 2599 recolere
779 2557 964 2599 duorum
996 2557 1184 2598 virorum
1207 2552 1471 2606 memoriam,
1504 2567 1614 2608 quos
1635 2567 1723 2593 non

145 2615 273 2657 modo
315 2621 634 2671 praeceptores,
682 2613 758 2653 sed
796 2613 928 2655 duces
970 2621 1011 2653 et
1056 2612 1271 2666 benignos
1308 2625 1447 2651 rerum
1485 2616 1723 2650 vestrarum

145 2672 361 2712 adiutores
392 2670 494 2711 olim
525 2669 754 2722 habuistis,
784 2667 1114 2710 Gottleberi
1145 2675 1187 2707 et
1218 2664 1506 2721 Koenigii,
1539 2680 1723 2721 quorum

145 2728 319 2769 nomina
350 2741 480 2781 saepe
510 2740 649 2782 neque
683 2740 871 2781 unquam
904 2724 997 2765 sine
1028 2726 1141 2765 iusta
1173 2724 1284 2779 grati
1307 2722 1438 2764 animi
1456 2722 1724 2764 testificatio-

145 2800 200 2826 ne
230 2782 546 2842 pronunciatis.

256 2839 611 2883 percucurrimus
642 2838 836 2880 oratioue
882 2836 962 2878 tria
999 2837 1170 2880 saecula
1208 2845 1251 2880 et
1290 2849 1574 2893 quaecunque
1609 2834 1722 2876 laeta

148 2906 191 2941 et
229 2897 370 2942 tristia
409 2911 487 2954 per
524 2895 599 2939 illa
636 2902 833 2952 tempora
871 2893 973 2937 huie
1010 2894 1183 2940 scholae
1229 2892 1506 2947 acciderunt,
1556 2890 1634 2934 sed
1673 2889 1721 2930 in
