<?xml version="1.0" encoding="UTF-8"?>
<!DOCTYPE html PUBLIC "-//W3C//DTD XHTML 1.0 Transitional//EN"
    "http://www.w3.org/TR/xhtml1/DTD/xhtml1-transitional.dtd">
<html xmlns="http://www.w3.org/1999/xhtml" xml:lang="en" lang="en">
 <head>
  <title>
</title>
<meta http-equiv="Content-Type" content="text/html;charset=utf-8" />
  <meta name='ocr-system' content='tesseract 3.04.00' />
  <meta name='ocr-capabilities' content='ocr_page ocr_carea ocr_par ocr_line ocrx_word'/>
</head>
<body>
  <div class='ocr_page' id='page_1' title='image "./geschichtederdre00flug_0225.png"; bbox 0 0 1835 3215; ppageno 0'>
   <div class='ocr_carea' id='block_1_1' title="bbox 888 118 972 161">
    <p class='ocr_par' dir='ltr' id='par_1_1' title="bbox 888 118 972 161">
     <span class='ocr_line' id='line_1_1' title="bbox 888 118 972 161; baseline 0 0"><span class='ocrx_word' id='word_1_1' title='bbox 888 118 972 161; x_wconf 80' lang='lat'>207</span> 
     </span>
    </p>
   </div>
   <div class='ocr_carea' id='block_1_2' title="bbox 109 226 1693 2936">
    <p class='ocr_par' dir='ltr' id='par_1_2' title="bbox 109 226 1693 2936">
     <span class='ocr_line' id='line_1_2' title="bbox 116 226 1689 289; baseline -0.005 -15"><span class='ocrx_word' id='word_1_2' title='bbox 116 231 413 289; x_wconf 87' lang='lat' dir='ltr'>exemplorum</span> <span class='ocrx_word' id='word_1_3' title='bbox 443 230 679 274; x_wconf 80' lang='lat' dir='ltr'>luminibus</span> <span class='ocrx_word' id='word_1_4' title='bbox 710 231 753 273; x_wconf 92' lang='lat' dir='ltr'>in</span> <span class='ocrx_word' id='word_1_5' title='bbox 794 231 944 273; x_wconf 89' lang='lat' dir='ltr'>eodem</span> <span class='ocrx_word' id='word_1_6' title='bbox 987 230 1152 273; x_wconf 81' lang='lat' dir='ltr'><strong>tramite</strong></span> <span class='ocrx_word' id='word_1_7' title='bbox 1190 243 1343 286; x_wconf 83' lang='lat' dir='ltr'>magna</span> <span class='ocrx_word' id='word_1_8' title='bbox 1380 226 1609 284; x_wconf 84' lang='lat' dir='ltr'>prudentia</span> <span class='ocrx_word' id='word_1_9' title='bbox 1648 234 1689 268; x_wconf 87' lang='lat' dir='ltr'>et</span> 
     </span>
     <span class='ocr_line' id='line_1_3' title="bbox 118 283 1690 346; baseline -0.005 -16"><span class='ocrx_word' id='word_1_10' title='bbox 118 288 342 331; x_wconf 89' lang='lat' dir='ltr'>luculento</span> <span class='ocrx_word' id='word_1_11' title='bbox 385 296 541 331; x_wconf 88' lang='lat' dir='ltr'>eventu</span> <span class='ocrx_word' id='word_1_12' title='bbox 584 297 905 346; x_wconf 87' lang='lat' dir='ltr'>processerunt.</span> <span class='ocrx_word' id='word_1_13' title='bbox 978 288 1066 330; x_wconf 86' lang='lat' dir='ltr'>Sed</span> <span class='ocrx_word' id='word_1_14' title='bbox 1106 286 1197 327; x_wconf 83' lang='lat' dir='ltr'>lieri</span> <span class='ocrx_word' id='word_1_15' title='bbox 1235 285 1344 328; x_wconf 89' lang='lat' dir='ltr'>solet</span> <span class='ocrx_word' id='word_1_16' title='bbox 1381 288 1425 326; x_wconf 90' lang='lat' dir='ltr'>in</span> <span class='ocrx_word' id='word_1_17' title='bbox 1458 284 1586 325; x_wconf 85' lang='lat' dir='ltr'>rebus</span> <span class='ocrx_word' id='word_1_18' title='bbox 1614 283 1690 322; x_wconf 88' lang='lat' dir='ltr'>hu-</span> 
     </span>
     <span class='ocr_line' id='line_1_4' title="bbox 117 338 1688 401; baseline -0.004 -15"><span class='ocrx_word' id='word_1_19' title='bbox 117 345 273 397; x_wconf 81' lang='lat' dir='ltr'>manis,</span> <span class='ocrx_word' id='word_1_20' title='bbox 325 353 372 387; x_wconf 91' lang='lat' dir='ltr'>ut</span> <span class='ocrx_word' id='word_1_21' title='bbox 410 361 495 387; x_wconf 92' lang='lat' dir='ltr'>non</span> <span class='ocrx_word' id='word_1_22' title='bbox 543 346 670 387; x_wconf 89' lang='lat' dir='ltr'>modo</span> <span class='ocrx_word' id='word_1_23' title='bbox 723 346 995 401; x_wconf 88' lang='lat' dir='ltr'>singulorum</span> <span class='ocrx_word' id='word_1_24' title='bbox 1046 343 1275 385; x_wconf 88' lang='lat' dir='ltr'>fervidiora</span> <span class='ocrx_word' id='word_1_25' title='bbox 1314 341 1488 398; x_wconf 86' lang='lat' dir='ltr'>ingenia</span> <span class='ocrx_word' id='word_1_26' title='bbox 1527 338 1688 381; x_wconf 90' lang='lat' dir='ltr'>sensim</span> 
     </span>
     <span class='ocr_line' id='line_1_5' title="bbox 117 394 1690 460; baseline -0.004 -18"><span class='ocrx_word' id='word_1_27' title='bbox 117 403 418 457; x_wconf 75' lang='lat' dir='ltr'><strong>languescant,</strong></span> <span class='ocrx_word' id='word_1_28' title='bbox 466 402 542 444; x_wconf 92' lang='lat' dir='ltr'>sed</span> <span class='ocrx_word' id='word_1_29' title='bbox 591 410 830 460; x_wconf 88' lang='lat' dir='ltr'>temporum</span> <span class='ocrx_word' id='word_1_30' title='bbox 878 401 1005 443; x_wconf 88' lang='lat' dir='ltr'>etiam</span> <span class='ocrx_word' id='word_1_31' title='bbox 1057 408 1234 452; x_wconf 81' lang='lat' dir='ltr'>aetates,</span> <span class='ocrx_word' id='word_1_32' title='bbox 1285 413 1371 455; x_wconf 87' lang='lat' dir='ltr'>quo</span> <span class='ocrx_word' id='word_1_33' title='bbox 1423 394 1690 439; x_wconf 84' lang='lat' dir='ltr'>luxuriosius</span> 
     </span>
     <span class='ocr_line' id='line_1_6' title="bbox 114 452 1688 515; baseline -0.005 -16"><span class='ocrx_word' id='word_1_34' title='bbox 114 459 359 515; x_wconf 86' lang='lat' dir='ltr'>laetiusque</span> <span class='ocrx_word' id='word_1_35' title='bbox 389 461 677 512; x_wconf 75' lang='lat' dir='ltr'>effloruerant,</span> <span class='ocrx_word' id='word_1_36' title='bbox 709 474 760 500; x_wconf 93' lang='lat' dir='ltr'>eo</span> <span class='ocrx_word' id='word_1_37' title='bbox 782 458 1006 500; x_wconf 91' lang='lat' dir='ltr'>remissius</span> <span class='ocrx_word' id='word_1_38' title='bbox 1031 457 1083 498; x_wconf 84' lang='lat' dir='ltr'>ad</span> <span class='ocrx_word' id='word_1_39' title='bbox 1105 457 1262 498; x_wconf 88' lang='lat' dir='ltr'>lentam</span> <span class='ocrx_word' id='word_1_40' title='bbox 1282 456 1468 512; x_wconf 78' lang='lat' dir='ltr'>aliquam</span> <span class='ocrx_word' id='word_1_41' title='bbox 1492 452 1688 494; x_wconf 82' lang='lat' dir='ltr'>inertiam</span> 
     </span>
     <span class='ocr_line' id='line_1_7' title="bbox 115 508 1689 570; baseline -0.004 -15"><span class='ocrx_word' id='word_1_42' title='bbox 115 514 339 568; x_wconf 70' lang='lat' dir='ltr'>desidant,</span> <span class='ocrx_word' id='word_1_43' title='bbox 371 515 542 556; x_wconf 88' lang='lat' dir='ltr'>videtur</span> <span class='ocrx_word' id='word_1_44' title='bbox 574 516 686 556; x_wconf 90' lang='lat' dir='ltr'>enim</span> <span class='ocrx_word' id='word_1_45' title='bbox 718 522 869 556; x_wconf 87' lang='lat' dir='ltr'>natura</span> <span class='ocrx_word' id='word_1_46' title='bbox 900 515 985 556; x_wconf 85' lang='lat' dir='ltr'>sibi</span> <span class='ocrx_word' id='word_1_47' title='bbox 1013 528 1246 570; x_wconf 79' lang='lat' dir='ltr'>exposcere</span> <span class='ocrx_word' id='word_1_48' title='bbox 1274 512 1381 554; x_wconf 88' lang='lat' dir='ltr'>tales</span> <span class='ocrx_word' id='word_1_49' title='bbox 1410 508 1689 551; x_wconf 82' lang='lat' dir='ltr'>remissiones</span> 
     </span>
     <span class='ocr_line' id='line_1_8' title="bbox 113 566 1688 627; baseline -0.004 -16"><span class='ocrx_word' id='word_1_50' title='bbox 113 571 167 611; x_wconf 87' lang='lat' dir='ltr'>ad</span> <span class='ocrx_word' id='word_1_51' title='bbox 197 571 390 627; x_wconf 82' lang='lat' dir='ltr'>requiem</span> <span class='ocrx_word' id='word_1_52' title='bbox 423 579 465 612; x_wconf 91' lang='lat' dir='ltr'>et</span> <span class='ocrx_word' id='word_1_53' title='bbox 495 586 705 613; x_wconf 86' lang='lat' dir='ltr'>novorum</span> <span class='ocrx_word' id='word_1_54' title='bbox 735 571 931 614; x_wconf 91' lang='lat' dir='ltr'>laborum</span> <span class='ocrx_word' id='word_1_55' title='bbox 965 572 1271 626; x_wconf 80' lang='lat' dir='ltr'>fructuumque</span> <span class='ocrx_word' id='word_1_56' title='bbox 1302 566 1688 624; x_wconf 79' lang='lat' dir='ltr'>praeparationem.</span> 
     </span>
     <span class='ocr_line' id='line_1_9' title="bbox 112 621 1689 685; baseline -0.004 -17"><span class='ocrx_word' id='word_1_57' title='bbox 112 627 341 669; x_wconf 88' lang='lat' dir='ltr'>Praeterea</span> <span class='ocrx_word' id='word_1_58' title='bbox 372 628 657 681; x_wconf 80' lang='lat' dir='ltr'>intervenere,</span> <span class='ocrx_word' id='word_1_59' title='bbox 691 643 973 685; x_wconf 87' lang='lat' dir='ltr'>quaecunque</span> <span class='ocrx_word' id='word_1_60' title='bbox 994 643 1081 668; x_wconf 89' lang='lat' dir='ltr'>rem</span> <span class='ocrx_word' id='word_1_61' title='bbox 1104 626 1216 667; x_wconf 90' lang='lat' dir='ltr'>bene</span> <span class='ocrx_word' id='word_1_62' title='bbox 1245 632 1440 682; x_wconf 88' lang='lat' dir='ltr'>coeptam</span> <span class='ocrx_word' id='word_1_63' title='bbox 1464 621 1689 679; x_wconf 85' lang='lat' dir='ltr'>impedire,</span> 
     </span>
     <span class='ocr_line' id='line_1_10' title="bbox 115 677 1689 741; baseline -0.004 -17"><span class='ocrx_word' id='word_1_64' title='bbox 115 699 213 724; x_wconf 85' lang='lat' dir='ltr'>mox</span> <span class='ocrx_word' id='word_1_65' title='bbox 254 698 394 740; x_wconf 88' lang='lat' dir='ltr'>paene</span> <span class='ocrx_word' id='word_1_66' title='bbox 437 684 681 740; x_wconf 85' lang='lat' dir='ltr'>opprimere</span> <span class='ocrx_word' id='word_1_67' title='bbox 731 693 926 741; x_wconf 88' lang='lat' dir='ltr'>possent,</span> <span class='ocrx_word' id='word_1_68' title='bbox 978 682 1297 725; x_wconf 84' lang='lat' dir='ltr'>coutroversiae</span> <span class='ocrx_word' id='word_1_69' title='bbox 1351 681 1402 721; x_wconf 90' lang='lat' dir='ltr'>de</span> <span class='ocrx_word' id='word_1_70' title='bbox 1446 680 1499 721; x_wconf 92' lang='lat' dir='ltr'>iis</span> <span class='ocrx_word' id='word_1_71' title='bbox 1542 677 1689 728; x_wconf 85' lang='lat' dir='ltr'>rebus,</span> 
     </span>
     <span class='ocr_line' id='line_1_11' title="bbox 115 734 1689 796; baseline -0.004 -16"><span class='ocrx_word' id='word_1_72' title='bbox 115 755 225 796; x_wconf 84' lang='lat' dir='ltr'>quas</span> <span class='ocrx_word' id='word_1_73' title='bbox 255 755 382 780; x_wconf 90' lang='lat' dir='ltr'>nemo</span> <span class='ocrx_word' id='word_1_74' title='bbox 411 756 600 796; x_wconf 83' lang='lat' dir='ltr'>unquam</span> <span class='ocrx_word' id='word_1_75' title='bbox 628 741 844 783; x_wconf 82' lang='lat' dir='ltr'>intellexit</span> <span class='ocrx_word' id='word_1_76' title='bbox 875 756 1017 796; x_wconf 89' lang='lat' dir='ltr'>neque</span> <span class='ocrx_word' id='word_1_77' title='bbox 1046 755 1235 795; x_wconf 89' lang='lat' dir='ltr'>unquam</span> <span class='ocrx_word' id='word_1_78' title='bbox 1268 737 1500 791; x_wconf 76' lang='lat' dir='ltr'>intelliget,</span> <span class='ocrx_word' id='word_1_79' title='bbox 1531 734 1584 776; x_wconf 90' lang='lat' dir='ltr'>ab</span> <span class='ocrx_word' id='word_1_80' title='bbox 1616 734 1689 774; x_wconf 91' lang='lat' dir='ltr'>ho-</span> 
     </span>
     <span class='ocr_line' id='line_1_12' title="bbox 112 790 1691 852; baseline -0.003 -16"><span class='ocrx_word' id='word_1_81' title='bbox 112 795 301 837; x_wconf 89' lang='lat' dir='ltr'>minibus</span> <span class='ocrx_word' id='word_1_82' title='bbox 333 812 440 838; x_wconf 87' lang='lat' dir='ltr'>vana</span> <span class='ocrx_word' id='word_1_83' title='bbox 472 798 669 839; x_wconf 89' lang='lat' dir='ltr'>doctrina</span> <span class='ocrx_word' id='word_1_84' title='bbox 701 797 862 838; x_wconf 76' lang='lat' dir='ltr'>inflatis</span> <span class='ocrx_word' id='word_1_85' title='bbox 893 797 1080 852; x_wconf 86' lang='lat' dir='ltr'>ideoque</span> <span class='ocrx_word' id='word_1_86' title='bbox 1109 794 1504 837; x_wconf 88' lang='lat' dir='ltr'>contumacioribus</span> <span class='ocrx_word' id='word_1_87' title='bbox 1545 790 1691 833; x_wconf 90' lang='lat' dir='ltr'>incon·</span> 
     </span>
     <span class='ocr_line' id='line_1_13' title="bbox 110 847 1690 906; baseline -0.004 -13"><span class='ocrx_word' id='word_1_88' title='bbox 110 852 224 894; x_wconf 82' lang='lat' dir='ltr'>sulto</span> <span class='ocrx_word' id='word_1_89' title='bbox 257 860 511 906; x_wconf 89' lang='lat' dir='ltr'>commotae,</span> <span class='ocrx_word' id='word_1_90' title='bbox 554 854 654 894; x_wconf 87' lang='lat' dir='ltr'>inde</span> <span class='ocrx_word' id='word_1_91' title='bbox 685 854 790 904; x_wconf 84' lang='lat' dir='ltr'>irae,</span> <span class='ocrx_word' id='word_1_92' title='bbox 833 852 1031 904; x_wconf 81' lang='lat' dir='ltr'>dissidia,</span> <span class='ocrx_word' id='word_1_93' title='bbox 1064 851 1317 903; x_wconf 79' lang='lat' dir='ltr'>seditiones,</span> <span class='ocrx_word' id='word_1_94' title='bbox 1361 857 1450 890; x_wconf 91' lang='lat' dir='ltr'>tum</span> <span class='ocrx_word' id='word_1_95' title='bbox 1493 847 1690 903; x_wconf 89' lang='lat' dir='ltr'>graviora</span> 
     </span>
     <span class='ocr_line' id='line_1_14' title="bbox 111 902 1691 962; baseline -0.004 -13"><span class='ocrx_word' id='word_1_96' title='bbox 111 908 209 949; x_wconf 89' lang='lat' dir='ltr'>odia</span> <span class='ocrx_word' id='word_1_97' title='bbox 242 917 284 950; x_wconf 90' lang='lat' dir='ltr'>ct</span> <span class='ocrx_word' id='word_1_98' title='bbox 312 909 543 950; x_wconf 79' lang='lat' dir='ltr'>acerrimae</span> <span class='ocrx_word' id='word_1_99' title='bbox 571 909 838 962; x_wconf 81' lang='lat' dir='ltr'>vexationes,</span> <span class='ocrx_word' id='word_1_100' title='bbox 873 909 1010 949; x_wconf 85' lang='lat' dir='ltr'>donec</span> <span class='ocrx_word' id='word_1_101' title='bbox 1040 923 1062 947; x_wconf 88' lang='lat' dir='ltr'>a</span> <span class='ocrx_word' id='word_1_102' title='bbox 1093 907 1321 949; x_wconf 89' lang='lat' dir='ltr'>verborum</span> <span class='ocrx_word' id='word_1_103' title='bbox 1346 904 1516 946; x_wconf 90' lang='lat' dir='ltr'>iniuriis</span> <span class='ocrx_word' id='word_1_104' title='bbox 1546 919 1614 945; x_wconf 87' lang='lat' dir='ltr'>res</span> <span class='ocrx_word' id='word_1_105' title='bbox 1639 902 1691 943; x_wconf 90' lang='lat' dir='ltr'>ad</span> 
     </span>
     <span class='ocr_line' id='line_1_15' title="bbox 113 959 1691 1019; baseline -0.004 -12"><span class='ocrx_word' id='word_1_106' title='bbox 113 980 228 1007; x_wconf 82' lang='lat' dir='ltr'>arma</span> <span class='ocrx_word' id='word_1_107' title='bbox 259 966 395 1019; x_wconf 87' lang='lat' dir='ltr'>venit,</span> <span class='ocrx_word' id='word_1_108' title='bbox 427 973 470 1007; x_wconf 91' lang='lat' dir='ltr'>et</span> <span class='ocrx_word' id='word_1_109' title='bbox 497 966 668 1007; x_wconf 89' lang='lat' dir='ltr'>tandem</span> <span class='ocrx_word' id='word_1_110' title='bbox 702 965 811 1007; x_wconf 92' lang='lat' dir='ltr'>illud</span> <span class='ocrx_word' id='word_1_111' title='bbox 845 963 1094 1006; x_wconf 81' lang='lat' dir='ltr'>incendium</span> <span class='ocrx_word' id='word_1_112' title='bbox 1127 963 1302 1016; x_wconf 81' lang='lat' dir='ltr'>exarsit,</span> <span class='ocrx_word' id='word_1_113' title='bbox 1349 961 1467 1018; x_wconf 87' lang='lat' dir='ltr'>quod</span> <span class='ocrx_word' id='word_1_114' title='bbox 1503 976 1581 1018; x_wconf 89' lang='lat' dir='ltr'>per</span> <span class='ocrx_word' id='word_1_115' title='bbox 1620 959 1691 1000; x_wconf 87' lang='lat' dir='ltr'>tri·</span> 
     </span>
     <span class='ocr_line' id='line_1_16' title="bbox 109 1016 1689 1080; baseline -0.004 -18"><span class='ocrx_word' id='word_1_116' title='bbox 109 1022 229 1080; x_wconf 84' lang='lat' dir='ltr'>ginta</span> <span class='ocrx_word' id='word_1_117' title='bbox 260 1037 396 1064; x_wconf 88' lang='lat' dir='ltr'>annos</span> <span class='ocrx_word' id='word_1_118' title='bbox 429 1022 671 1064; x_wconf 88' lang='lat' dir='ltr'>universam</span> <span class='ocrx_word' id='word_1_119' title='bbox 706 1021 976 1063; x_wconf 81' lang='lat' dir='ltr'>Germaniam</span> <span class='ocrx_word' id='word_1_120' title='bbox 1008 1019 1261 1072; x_wconf 78' lang='lat' dir='ltr'>devastavit,</span> <span class='ocrx_word' id='word_1_121' title='bbox 1294 1034 1362 1060; x_wconf 86' lang='lat' dir='ltr'>res</span> <span class='ocrx_word' id='word_1_122' title='bbox 1399 1035 1420 1059; x_wconf 86' lang='lat' dir='ltr'>a</span> <span class='ocrx_word' id='word_1_123' title='bbox 1453 1016 1689 1058; x_wconf 87' lang='lat' dir='ltr'>maioribus</span> 
     </span>
     <span class='ocr_line' id='line_1_17' title="bbox 110 1072 1693 1134; baseline -0.004 -15"><span class='ocrx_word' id='word_1_124' title='bbox 110 1078 284 1134; x_wconf 85' lang='lat' dir='ltr'>egregie</span> <span class='ocrx_word' id='word_1_125' title='bbox 315 1079 571 1121; x_wconf 89' lang='lat' dir='ltr'>constitutas</span> <span class='ocrx_word' id='word_1_126' title='bbox 603 1079 875 1121; x_wconf 86' lang='lat' dir='ltr'>conturbavit</span> <span class='ocrx_word' id='word_1_127' title='bbox 907 1088 948 1119; x_wconf 88' lang='lat' dir='ltr'>ct</span> <span class='ocrx_word' id='word_1_128' title='bbox 976 1077 1167 1130; x_wconf 85' lang='lat' dir='ltr'>miscuit,</span> <span class='ocrx_word' id='word_1_129' title='bbox 1199 1084 1240 1118; x_wconf 88' lang='lat' dir='ltr'>et</span> <span class='ocrx_word' id='word_1_130' title='bbox 1266 1074 1464 1116; x_wconf 87' lang='lat' dir='ltr'>hostibus</span> <span class='ocrx_word' id='word_1_131' title='bbox 1497 1073 1550 1114; x_wconf 89' lang='lat' dir='ltr'>ad</span> <span class='ocrx_word' id='word_1_132' title='bbox 1582 1072 1693 1114; x_wconf 88' lang='lat' dir='ltr'>clau-</span> 
     </span>
     <span class='ocr_line' id='line_1_18' title="bbox 111 1130 1691 1193; baseline -0.004 -18"><span class='ocrx_word' id='word_1_133' title='bbox 111 1143 197 1176; x_wconf 87' lang='lat' dir='ltr'>stra</span> <span class='ocrx_word' id='word_1_134' title='bbox 213 1134 519 1178; x_wconf 87' lang='lat' dir='ltr'>insidiantibus</span> <span class='ocrx_word' id='word_1_135' title='bbox 547 1135 867 1193; x_wconf 87' lang='lat' dir='ltr'>provinciarum</span> <span class='ocrx_word' id='word_1_136' title='bbox 897 1143 939 1176; x_wconf 90' lang='lat' dir='ltr'>et</span> <span class='ocrx_word' id='word_1_137' title='bbox 963 1134 1080 1191; x_wconf 91' lang='lat' dir='ltr'>quod</span> <span class='ocrx_word' id='word_1_138' title='bbox 1105 1131 1395 1191; x_wconf 88' lang='lat' dir='ltr'>perniciosius</span> <span class='ocrx_word' id='word_1_139' title='bbox 1422 1130 1504 1172; x_wconf 85' lang='lat' dir='ltr'>fuit</span> <span class='ocrx_word' id='word_1_140' title='bbox 1527 1144 1691 1170; x_wconf 86' lang='lat' dir='ltr'>morum</span> 
     </span>
     <span class='ocr_line' id='line_1_19' title="bbox 113 1185 1690 1248; baseline -0.004 -17"><span class='ocrx_word' id='word_1_141' title='bbox 113 1191 254 1232; x_wconf 88' lang='lat' dir='ltr'>aditus</span> <span class='ocrx_word' id='word_1_142' title='bbox 285 1193 506 1248; x_wconf 83' lang='lat' dir='ltr'>patefecit.</span> <span class='ocrx_word' id='word_1_143' title='bbox 567 1193 617 1234; x_wconf 89' lang='lat' dir='ltr'>lu</span> <span class='ocrx_word' id='word_1_144' title='bbox 650 1200 765 1234; x_wconf 89' lang='lat' dir='ltr'>tanta</span> <span class='ocrx_word' id='word_1_145' title='bbox 798 1191 1038 1233; x_wconf 84' lang='lat' dir='ltr'>calamitate</span> <span class='ocrx_word' id='word_1_146' title='bbox 1070 1189 1310 1232; x_wconf 85' lang='lat' dir='ltr'>iacentibus</span> <span class='ocrx_word' id='word_1_147' title='bbox 1336 1187 1490 1229; x_wconf 88' lang='lat' dir='ltr'>artium</span> <span class='ocrx_word' id='word_1_148' title='bbox 1516 1185 1690 1237; x_wconf 91' lang='lat' dir='ltr'>studiis,</span> 
     </span>
     <span class='ocr_line' id='line_1_20' title="bbox 111 1242 1691 1305; baseline -0.004 -18"><span class='ocrx_word' id='word_1_149' title='bbox 111 1247 276 1288; x_wconf 76' lang='lat' dir='ltr'>Muscis</span> <span class='ocrx_word' id='word_1_150' title='bbox 305 1248 372 1289; x_wconf 89' lang='lat' dir='ltr'>vel</span> <span class='ocrx_word' id='word_1_151' title='bbox 403 1249 560 1290; x_wconf 84' lang='lat' dir='ltr'>clausis</span> <span class='ocrx_word' id='word_1_152' title='bbox 590 1249 660 1290; x_wconf 84' lang='lat' dir='ltr'>vel</span> <span class='ocrx_word' id='word_1_153' title='bbox 688 1249 935 1305; x_wconf 89' lang='lat' dir='ltr'>importuno</span> <span class='ocrx_word' id='word_1_154' title='bbox 965 1247 1100 1288; x_wconf 91' lang='lat' dir='ltr'>milite</span> <span class='ocrx_word' id='word_1_155' title='bbox 1132 1246 1340 1302; x_wconf 86' lang='lat' dir='ltr'>oppletis,</span> <span class='ocrx_word' id='word_1_156' title='bbox 1367 1243 1551 1286; x_wconf 91' lang='lat' dir='ltr'>alumnis</span> <span class='ocrx_word' id='word_1_157' title='bbox 1574 1242 1691 1282; x_wconf 90' lang='lat' dir='ltr'>ideu-</span> 
     </span>
     <span class='ocr_line' id='line_1_21' title="bbox 112 1298 1689 1360; baseline -0.004 -16"><span class='ocrx_word' id='word_1_158' title='bbox 112 1303 242 1345; x_wconf 89' lang='lat' dir='ltr'>tidem</span> <span class='ocrx_word' id='word_1_159' title='bbox 285 1303 494 1355; x_wconf 82' lang='lat' dir='ltr'>dimissis,</span> <span class='ocrx_word' id='word_1_160' title='bbox 538 1304 727 1360; x_wconf 87' lang='lat' dir='ltr'>denique</span> <span class='ocrx_word' id='word_1_161' title='bbox 769 1304 886 1345; x_wconf 90' lang='lat' dir='ltr'>omni</span> <span class='ocrx_word' id='word_1_162' title='bbox 927 1303 1078 1344; x_wconf 88' lang='lat' dir='ltr'>ordine</span> <span class='ocrx_word' id='word_1_163' title='bbox 1125 1302 1384 1358; x_wconf 87' lang='lat' dir='ltr'>disciplinae</span> <span class='ocrx_word' id='word_1_164' title='bbox 1423 1298 1689 1356; x_wconf 86' lang='lat' dir='ltr'>perturbato,</span> 
     </span>
     <span class='ocr_line' id='line_1_22' title="bbox 113 1353 1692 1417; baseline -0.004 -17"><span class='ocrx_word' id='word_1_165' title='bbox 113 1369 250 1401; x_wconf 88' lang='lat' dir='ltr'>tamen</span> <span class='ocrx_word' id='word_1_166' title='bbox 283 1367 328 1400; x_wconf 93' lang='lat' dir='ltr'>ut</span> <span class='ocrx_word' id='word_1_167' title='bbox 356 1360 538 1401; x_wconf 88' lang='lat' dir='ltr'>hiberno</span> <span class='ocrx_word' id='word_1_168' title='bbox 568 1368 762 1417; x_wconf 86' lang='lat' dir='ltr'>tempore</span> <span class='ocrx_word' id='word_1_169' title='bbox 790 1360 874 1401; x_wconf 89' lang='lat' dir='ltr'>rari</span> <span class='ocrx_word' id='word_1_170' title='bbox 905 1360 1011 1401; x_wconf 85' lang='lat' dir='ltr'>solis</span> <span class='ocrx_word' id='word_1_171' title='bbox 1043 1357 1153 1399; x_wconf 84' lang='lat' dir='ltr'>radii</span> <span class='ocrx_word' id='word_1_172' title='bbox 1181 1372 1491 1413; x_wconf 88' lang='lat' dir='ltr'>nonnunquam</span> <span class='ocrx_word' id='word_1_173' title='bbox 1515 1353 1692 1409; x_wconf 86' lang='lat' dir='ltr'>emicuit</span> 
     </span>
     <span class='ocr_line' id='line_1_23' title="bbox 113 1412 1691 1472; baseline -0.004 -15"><span class='ocrx_word' id='word_1_174' title='bbox 113 1415 336 1458; x_wconf 86' lang='lat' dir='ltr'>vividioris</span> <span class='ocrx_word' id='word_1_175' title='bbox 369 1416 551 1458; x_wconf 90' lang='lat' dir='ltr'>alicuius</span> <span class='ocrx_word' id='word_1_176' title='bbox 585 1417 749 1472; x_wconf 88' lang='lat' dir='ltr'>ingenii</span> <span class='ocrx_word' id='word_1_177' title='bbox 778 1416 978 1457; x_wconf 76' lang='lat' dir='ltr'>Felicitas.</span> <span class='ocrx_word' id='word_1_178' title='bbox 1039 1414 1161 1455; x_wconf 90' lang='lat' dir='ltr'>Talis</span> <span class='ocrx_word' id='word_1_179' title='bbox 1206 1414 1302 1466; x_wconf 84' lang='lat' dir='ltr'>fuit,</span> <span class='ocrx_word' id='word_1_180' title='bbox 1348 1428 1476 1470; x_wconf 88' lang='lat' dir='ltr'>quem</span> <span class='ocrx_word' id='word_1_181' title='bbox 1508 1412 1691 1452; x_wconf 86' lang='lat' dir='ltr'>fortasse</span> 
     </span>
     <span class='ocr_line' id='line_1_24' title="bbox 114 1466 1690 1529; baseline -0.004 -16"><span class='ocrx_word' id='word_1_182' title='bbox 114 1472 241 1529; x_wconf 88' lang='lat' dir='ltr'>pauci</span> <span class='ocrx_word' id='word_1_183' title='bbox 270 1473 413 1514; x_wconf 87' lang='lat' dir='ltr'>sciunt</span> <span class='ocrx_word' id='word_1_184' title='bbox 440 1473 655 1514; x_wconf 88' lang='lat' dir='ltr'>Afranum</span> <span class='ocrx_word' id='word_1_185' title='bbox 685 1473 837 1525; x_wconf 89' lang='lat' dir='ltr'>fuisse,</span> <span class='ocrx_word' id='word_1_186' title='bbox 871 1471 1033 1513; x_wconf 85' lang='lat' dir='ltr'>Paulus</span> <span class='ocrx_word' id='word_1_187' title='bbox 1068 1469 1441 1525; x_wconf 85' lang='lat' dir='ltr'>Flemingius,</span> <span class='ocrx_word' id='word_1_188' title='bbox 1473 1483 1574 1524; x_wconf 84' lang='lat' dir='ltr'>prae</span> <span class='ocrx_word' id='word_1_189' title='bbox 1595 1466 1690 1508; x_wconf 89' lang='lat' dir='ltr'>reli·</span> 
     </span>
     <span class='ocr_line' id='line_1_25' title="bbox 112 1523 1690 1585; baseline -0.004 -16"><span class='ocrx_word' id='word_1_190' title='bbox 112 1530 211 1585; x_wconf 89' lang='lat' dir='ltr'>quis</span> <span class='ocrx_word' id='word_1_191' title='bbox 244 1529 429 1584; x_wconf 85' lang='lat' dir='ltr'>insignis</span> <span class='ocrx_word' id='word_1_192' title='bbox 461 1529 575 1570; x_wconf 89' lang='lat' dir='ltr'>iuter</span> <span class='ocrx_word' id='word_1_193' title='bbox 616 1529 733 1570; x_wconf 90' lang='lat' dir='ltr'>illius</span> <span class='ocrx_word' id='word_1_194' title='bbox 766 1529 917 1569; x_wconf 90' lang='lat' dir='ltr'>aetatis</span> <span class='ocrx_word' id='word_1_195' title='bbox 947 1536 1115 1584; x_wconf 87' lang='lat' dir='ltr'>poetas,</span> <span class='ocrx_word' id='word_1_196' title='bbox 1155 1526 1410 1582; x_wconf 84' lang='lat' dir='ltr'>longinquis</span> <span class='ocrx_word' id='word_1_197' title='bbox 1444 1523 1690 1581; x_wconf 87' lang='lat' dir='ltr'>peregrina-</span> 
     </span>
     <span class='ocr_line' id='line_1_26' title="bbox 109 1579 1690 1641; baseline -0.004 -15"><span class='ocrx_word' id='word_1_198' title='bbox 109 1585 318 1638; x_wconf 88' lang='lat' dir='ltr'>tionibus,</span> <span class='ocrx_word' id='word_1_199' title='bbox 360 1585 520 1641; x_wconf 90' lang='lat' dir='ltr'>quibus</span> <span class='ocrx_word' id='word_1_200' title='bbox 553 1585 892 1627; x_wconf 82' lang='lat' dir='ltr'>Moscovitarum</span> <span class='ocrx_word' id='word_1_201' title='bbox 926 1584 1075 1624; x_wconf 87' lang='lat' dir='ltr'>urbem</span> <span class='ocrx_word' id='word_1_202' title='bbox 1095 1592 1137 1625; x_wconf 90' lang='lat' dir='ltr'>et</span> <span class='ocrx_word' id='word_1_203' title='bbox 1165 1583 1341 1623; x_wconf 90' lang='lat' dir='ltr'>biennio</span> <span class='ocrx_word' id='word_1_204' title='bbox 1375 1589 1474 1637; x_wconf 91' lang='lat' dir='ltr'>post</span> <span class='ocrx_word' id='word_1_205' title='bbox 1498 1579 1690 1621; x_wconf 86' lang='lat' dir='ltr'>Persiam</span> 
     </span>
     <span class='ocr_line' id='line_1_27' title="bbox 112 1635 1689 1698; baseline -0.004 -16"><span class='ocrx_word' id='word_1_206' title='bbox 112 1641 234 1693; x_wconf 85' lang='lat' dir='ltr'>adiit,</span> <span class='ocrx_word' id='word_1_207' title='bbox 262 1640 492 1695; x_wconf 86' lang='lat' dir='ltr'>insignior.</span> <span class='ocrx_word' id='word_1_208' title='bbox 555 1640 696 1698; x_wconf 89' lang='lat' dir='ltr'>Saepe</span> <span class='ocrx_word' id='word_1_209' title='bbox 725 1641 799 1682; x_wconf 92' lang='lat' dir='ltr'>ille</span> <span class='ocrx_word' id='word_1_210' title='bbox 830 1641 873 1681; x_wconf 92' lang='lat' dir='ltr'>in</span> <span class='ocrx_word' id='word_1_211' title='bbox 907 1639 1168 1681; x_wconf 89' lang='lat' dir='ltr'>carminibus</span> <span class='ocrx_word' id='word_1_212' title='bbox 1198 1646 1241 1679; x_wconf 89' lang='lat' dir='ltr'>et</span> <span class='ocrx_word' id='word_1_213' title='bbox 1285 1637 1482 1694; x_wconf 89' lang='lat' dir='ltr'>epistolis</span> <span class='ocrx_word' id='word_1_214' title='bbox 1520 1635 1689 1693; x_wconf 86' lang='lat' dir='ltr'>profite-</span> 
     </span>
     <span class='ocr_line' id='line_1_28' title="bbox 110 1693 1692 1753; baseline -0.004 -15"><span class='ocrx_word' id='word_1_215' title='bbox 110 1707 194 1749; x_wconf 86' lang='lat' dir='ltr'>tur,</span> <span class='ocrx_word' id='word_1_216' title='bbox 239 1699 357 1753; x_wconf 88' lang='lat' dir='ltr'>quod</span> <span class='ocrx_word' id='word_1_217' title='bbox 403 1697 447 1738; x_wconf 91' lang='lat' dir='ltr'>in</span> <span class='ocrx_word' id='word_1_218' title='bbox 487 1697 673 1738; x_wconf 87' lang='lat' dir='ltr'>maximo</span> <span class='ocrx_word' id='word_1_219' title='bbox 705 1713 845 1738; x_wconf 88' lang='lat' dir='ltr'>rerum</span> <span class='ocrx_word' id='word_1_220' title='bbox 891 1695 1140 1738; x_wconf 84' lang='lat' dir='ltr'>discrimine</span> <span class='ocrx_word' id='word_1_221' title='bbox 1184 1695 1327 1736; x_wconf 86' lang='lat' dir='ltr'>literis</span> <span class='ocrx_word' id='word_1_222' title='bbox 1370 1693 1608 1735; x_wconf 86' lang='lat' dir='ltr'>delectetur</span> <span class='ocrx_word' id='word_1_223' title='bbox 1651 1699 1692 1732; x_wconf 91' lang='lat' dir='ltr'>ct</span> 
     </span>
     <span class='ocr_line' id='line_1_29' title="bbox 110 1748 1691 1810; baseline -0.004 -16"><span class='ocrx_word' id='word_1_224' title='bbox 110 1751 227 1809; x_wconf 83' lang='lat' dir='ltr'>quod</span> <span class='ocrx_word' id='word_1_225' title='bbox 255 1753 422 1809; x_wconf 90' lang='lat' dir='ltr'>aliquid</span> <span class='ocrx_word' id='word_1_226' title='bbox 454 1754 592 1795; x_wconf 87' lang='lat' dir='ltr'>valcat</span> <span class='ocrx_word' id='word_1_227' title='bbox 618 1753 865 1810; x_wconf 84' lang='lat' dir='ltr'>linguarum</span> <span class='ocrx_word' id='word_1_228' title='bbox 895 1769 993 1806; x_wconf 90' lang='lat' dir='ltr'>usu,</span> <span class='ocrx_word' id='word_1_229' title='bbox 1037 1752 1165 1793; x_wconf 89' lang='lat' dir='ltr'>buius</span> <span class='ocrx_word' id='word_1_230' title='bbox 1208 1750 1382 1794; x_wconf 85' lang='lat' dir='ltr'>scholae</span> <span class='ocrx_word' id='word_1_231' title='bbox 1428 1748 1691 1790; x_wconf 87' lang='lat' dir='ltr'>institutioni</span> 
     </span>
     <span class='ocr_line' id='line_1_30' title="bbox 111 1806 1693 1866; baseline -0.004 -15"><span class='ocrx_word' id='word_1_232' title='bbox 111 1826 156 1851; x_wconf 92' lang='lat' dir='ltr'>se</span> <span class='ocrx_word' id='word_1_233' title='bbox 190 1809 376 1863; x_wconf 62' lang='lat' dir='ltr'>debere,</span> <span class='ocrx_word' id='word_1_234' title='bbox 407 1825 595 1860; x_wconf 87' lang='lat' dir='ltr'>carmen,</span> <span class='ocrx_word' id='word_1_235' title='bbox 626 1826 713 1866; x_wconf 89' lang='lat' dir='ltr'>qno</span> <span class='ocrx_word' id='word_1_236' title='bbox 749 1826 818 1851; x_wconf 91' lang='lat' dir='ltr'>res</span> <span class='ocrx_word' id='word_1_237' title='bbox 864 1825 963 1851; x_wconf 89' lang='lat' dir='ltr'>suas</span> <span class='ocrx_word' id='word_1_238' title='bbox 1003 1823 1152 1849; x_wconf 89' lang='lat' dir='ltr'>omncs</span> <span class='ocrx_word' id='word_1_239' title='bbox 1196 1815 1239 1849; x_wconf 92' lang='lat' dir='ltr'>et</span> <span class='ocrx_word' id='word_1_240' title='bbox 1282 1806 1492 1864; x_wconf 87' lang='lat' dir='ltr'>quicquid</span> <span class='ocrx_word' id='word_1_241' title='bbox 1531 1807 1693 1861; x_wconf 78' lang='lat' dir='ltr'>cogitet</span> 
     </span>
     <span class='ocr_line' id='line_1_31' title="bbox 111 1861 1691 1923; baseline -0.004 -16"><span class='ocrx_word' id='word_1_242' title='bbox 111 1867 413 1923; x_wconf 84' lang='lat' dir='ltr'>instituatque,</span> <span class='ocrx_word' id='word_1_243' title='bbox 457 1867 583 1908; x_wconf 89' lang='lat' dir='ltr'>unice</span> <span class='ocrx_word' id='word_1_244' title='bbox 634 1867 806 1908; x_wconf 87' lang='lat' dir='ltr'>divinae</span> <span class='ocrx_word' id='word_1_245' title='bbox 850 1865 1147 1922; x_wconf 88' lang='lat' dir='ltr'>providentiae</span> <span class='ocrx_word' id='word_1_246' title='bbox 1189 1863 1434 1916; x_wconf 89' lang='lat' dir='ltr'>committit,</span> <span class='ocrx_word' id='word_1_247' title='bbox 1473 1861 1691 1918; x_wconf 86' lang='lat' dir='ltr'>hodieque</span> 
     </span>
     <span class='ocr_line' id='line_1_32' title="bbox 114 1918 1691 1979; baseline -0.004 -15"><span class='ocrx_word' id='word_1_248' title='bbox 114 1930 351 1964; x_wconf 87' lang='lat' dir='ltr'>cantamus.</span> <span class='ocrx_word' id='word_1_249' title='bbox 415 1923 472 1964; x_wconf 90' lang='lat' dir='ltr'>Et</span> <span class='ocrx_word' id='word_1_250' title='bbox 500 1923 662 1978; x_wconf 83' lang='lat' dir='ltr'>largior</span> <span class='ocrx_word' id='word_1_251' title='bbox 693 1923 776 1965; x_wconf 89' lang='lat' dir='ltr'>fuit</span> <span class='ocrx_word' id='word_1_252' title='bbox 802 1922 1073 1979; x_wconf 85' lang='lat' dir='ltr'>ingeniorum</span> <span class='ocrx_word' id='word_1_253' title='bbox 1105 1928 1343 1979; x_wconf 88' lang='lat' dir='ltr'>proventus</span> <span class='ocrx_word' id='word_1_254' title='bbox 1375 1918 1572 1977; x_wconf 79' lang='lat' dir='ltr'>proximo</span> <span class='ocrx_word' id='word_1_255' title='bbox 1603 1933 1691 1959; x_wconf 88' lang='lat' dir='ltr'>sac-</span> 
     </span>
     <span class='ocr_line' id='line_1_33' title="bbox 114 1974 1690 2036; baseline -0.004 -16"><span class='ocrx_word' id='word_1_256' title='bbox 114 1979 231 2032; x_wconf 85' lang='lat' dir='ltr'>culo,</span> <span class='ocrx_word' id='word_1_257' title='bbox 264 1995 397 2036; x_wconf 91' lang='lat' dir='ltr'>quum</span> <span class='ocrx_word' id='word_1_258' title='bbox 426 1994 534 2035; x_wconf 86' lang='lat' dir='ltr'>paee</span> <span class='ocrx_word' id='word_1_259' title='bbox 565 1979 737 2036; x_wconf 89' lang='lat' dir='ltr'>quidem</span> <span class='ocrx_word' id='word_1_260' title='bbox 770 1979 886 2020; x_wconf 89' lang='lat' dir='ltr'>domi</span> <span class='ocrx_word' id='word_1_261' title='bbox 916 1978 1113 2020; x_wconf 86' lang='lat' dir='ltr'>restituta</span> <span class='ocrx_word' id='word_1_262' title='bbox 1143 1992 1286 2034; x_wconf 87' lang='lat' dir='ltr'>neque</span> <span class='ocrx_word' id='word_1_263' title='bbox 1316 1976 1401 2017; x_wconf 88' lang='lat' dir='ltr'>nisi</span> <span class='ocrx_word' id='word_1_264' title='bbox 1430 1976 1474 2016; x_wconf 93' lang='lat' dir='ltr'>in</span> <span class='ocrx_word' id='word_1_265' title='bbox 1492 1974 1690 2017; x_wconf 75' lang='lat' dir='ltr'>confiniis</span> 
     </span>
     <span class='ocr_line' id='line_1_34' title="bbox 113 2031 1691 2077; baseline -0.003 -1"><span class='ocrx_word' id='word_1_266' title='bbox 113 2036 369 2077; x_wconf 78' lang='lat' dir='ltr'>Germaniae</span> <span class='ocrx_word' id='word_1_267' title='bbox 399 2036 527 2077; x_wconf 89' lang='lat' dir='ltr'>modo</span> <span class='ocrx_word' id='word_1_268' title='bbox 560 2044 707 2077; x_wconf 83' lang='lat' dir='ltr'>contra</span> <span class='ocrx_word' id='word_1_269' title='bbox 736 2035 1014 2077; x_wconf 88' lang='lat' dir='ltr'>barbarorum</span> <span class='ocrx_word' id='word_1_270' title='bbox 1045 2034 1249 2076; x_wconf 85' lang='lat' dir='ltr'>ferociam</span> <span class='ocrx_word' id='word_1_271' title='bbox 1279 2034 1406 2074; x_wconf 90' lang='lat' dir='ltr'>modo</span> <span class='ocrx_word' id='word_1_272' title='bbox 1450 2039 1596 2073; x_wconf 86' lang='lat' dir='ltr'>contra</span> <span class='ocrx_word' id='word_1_273' title='bbox 1633 2031 1691 2072; x_wconf 91' lang='lat' dir='ltr'>vi-</span> 
     </span>
     <span class='ocr_line' id='line_1_35' title="bbox 112 2087 1691 2148; baseline -0.004 -15"><span class='ocrx_word' id='word_1_274' title='bbox 112 2093 234 2133; x_wconf 88' lang='lat' dir='ltr'>cinae</span> <span class='ocrx_word' id='word_1_275' title='bbox 281 2091 424 2148; x_wconf 88' lang='lat' dir='ltr'>gentis</span> <span class='ocrx_word' id='word_1_276' title='bbox 466 2092 747 2148; x_wconf 87' lang='lat' dir='ltr'>cupiditatem</span> <span class='ocrx_word' id='word_1_277' title='bbox 785 2099 827 2133; x_wconf 92' lang='lat' dir='ltr'>et</span> <span class='ocrx_word' id='word_1_278' title='bbox 865 2092 1039 2133; x_wconf 83' lang='lat' dir='ltr'>fraudes</span> <span class='ocrx_word' id='word_1_279' title='bbox 1082 2090 1374 2133; x_wconf 86' lang='lat' dir='ltr'>saevientibus</span> <span class='ocrx_word' id='word_1_280' title='bbox 1417 2090 1564 2141; x_wconf 88' lang='lat' dir='ltr'>armis,</span> <span class='ocrx_word' id='word_1_281' title='bbox 1614 2087 1691 2128; x_wconf 89' lang='lat' dir='ltr'>sed</span> 
     </span>
     <span class='ocr_line' id='line_1_36' title="bbox 111 2145 1690 2204; baseline -0.003 -15"><span class='ocrx_word' id='word_1_282' title='bbox 111 2149 194 2189; x_wconf 89' lang='lat' dir='ltr'>iam</span> <span class='ocrx_word' id='word_1_283' title='bbox 236 2148 467 2204; x_wconf 82' lang='lat' dir='ltr'>depravata</span> <span class='ocrx_word' id='word_1_284' title='bbox 507 2148 651 2204; x_wconf 86' lang='lat' dir='ltr'>prisca</span> <span class='ocrx_word' id='word_1_285' title='bbox 692 2163 857 2190; x_wconf 91' lang='lat' dir='ltr'>morum</span> <span class='ocrx_word' id='word_1_286' title='bbox 903 2147 1153 2204; x_wconf 86' lang='lat' dir='ltr'>integritate</span> <span class='ocrx_word' id='word_1_287' title='bbox 1197 2162 1329 2203; x_wconf 89' lang='lat' dir='ltr'>quum</span> <span class='ocrx_word' id='word_1_288' title='bbox 1377 2161 1454 2203; x_wconf 88' lang='lat' dir='ltr'>per</span> <span class='ocrx_word' id='word_1_289' title='bbox 1493 2145 1690 2185; x_wconf 85' lang='lat' dir='ltr'>insanam</span> 
     </span>
     <span class='ocr_line' id='line_1_37' title="bbox 109 2200 1691 2261; baseline -0.003 -16"><span class='ocrx_word' id='word_1_290' title='bbox 109 2204 323 2246; x_wconf 84' lang='lat' dir='ltr'>luxuriam</span> <span class='ocrx_word' id='word_1_291' title='bbox 353 2204 736 2261; x_wconf 87' lang='lat' dir='ltr'>turpissimamque</span> <span class='ocrx_word' id='word_1_292' title='bbox 773 2204 1000 2246; x_wconf 88' lang='lat' dir='ltr'>libidinem</span> <span class='ocrx_word' id='word_1_293' title='bbox 1041 2203 1273 2260; x_wconf 90' lang='lat' dir='ltr'>Principes</span> <span class='ocrx_word' id='word_1_294' title='bbox 1316 2209 1359 2243; x_wconf 89' lang='lat' dir='ltr'>et</span> <span class='ocrx_word' id='word_1_295' title='bbox 1389 2201 1465 2258; x_wconf 88' lang='lat' dir='ltr'>qui</span> <span class='ocrx_word' id='word_1_296' title='bbox 1504 2200 1691 2258; x_wconf 84' lang='lat' dir='ltr'>proximi</span> 
     </span>
     <span class='ocr_line' id='line_1_38' title="bbox 111 2256 1690 2318; baseline -0.004 -15"><span class='ocrx_word' id='word_1_297' title='bbox 111 2261 197 2303; x_wconf 90' lang='lat' dir='ltr'>illis</span> <span class='ocrx_word' id='word_1_298' title='bbox 230 2271 376 2303; x_wconf 88' lang='lat' dir='ltr'>essent</span> <span class='ocrx_word' id='word_1_299' title='bbox 406 2268 606 2318; x_wconf 85' lang='lat' dir='ltr'>raperent</span> <span class='ocrx_word' id='word_1_300' title='bbox 636 2269 678 2302; x_wconf 90' lang='lat' dir='ltr'>et</span> <span class='ocrx_word' id='word_1_301' title='bbox 709 2261 959 2302; x_wconf 87' lang='lat' dir='ltr'>foedissime</span> <span class='ocrx_word' id='word_1_302' title='bbox 989 2260 1303 2317; x_wconf 88' lang='lat' dir='ltr'>profunderent</span> <span class='ocrx_word' id='word_1_303' title='bbox 1343 2258 1485 2299; x_wconf 84' lang='lat' dir='ltr'>omnia</span> <span class='ocrx_word' id='word_1_304' title='bbox 1525 2256 1690 2314; x_wconf 89' lang='lat' dir='ltr'>patriae</span> 
     </span>
     <span class='ocr_line' id='line_1_39' title="bbox 113 2315 1689 2372; baseline -0.004 -13"><span class='ocrx_word' id='word_1_305' title='bbox 113 2317 325 2371; x_wconf 87' lang='lat' dir='ltr'>subsidia,</span> <span class='ocrx_word' id='word_1_306' title='bbox 357 2318 549 2359; x_wconf 88' lang='lat' dir='ltr'>melioris</span> <span class='ocrx_word' id='word_1_307' title='bbox 582 2317 808 2372; x_wconf 74' lang='lat' dir='ltr'>sanguinis</span> <span class='ocrx_word' id='word_1_308' title='bbox 839 2316 1035 2357; x_wconf 89' lang='lat' dir='ltr'>homines</span> <span class='ocrx_word' id='word_1_309' title='bbox 1066 2316 1118 2357; x_wconf 88' lang='lat' dir='ltr'>ad</span> <span class='ocrx_word' id='word_1_310' title='bbox 1159 2316 1306 2357; x_wconf 87' lang='lat' dir='ltr'>literas</span> <span class='ocrx_word' id='word_1_311' title='bbox 1346 2315 1597 2370; x_wconf 83' lang='lat' dir='ltr'>confugere,</span> <span class='ocrx_word' id='word_1_312' title='bbox 1638 2329 1689 2354; x_wconf 81' lang='lat' dir='ltr'>ex</span> 
     </span>
     <span class='ocr_line' id='line_1_40' title="bbox 112 2370 1689 2429; baseline -0.003 -15"><span class='ocrx_word' id='word_1_313' title='bbox 112 2375 166 2415; x_wconf 92' lang='lat' dir='ltr'>iis</span> <span class='ocrx_word' id='word_1_314' title='bbox 206 2374 548 2416; x_wconf 88' lang='lat' dir='ltr'>consolationem</span> <span class='ocrx_word' id='word_1_315' title='bbox 589 2373 673 2414; x_wconf 91' lang='lat' dir='ltr'>sibi</span> <span class='ocrx_word' id='word_1_316' title='bbox 723 2380 765 2414; x_wconf 87' lang='lat' dir='ltr'>et</span> <span class='ocrx_word' id='word_1_317' title='bbox 813 2372 1071 2414; x_wconf 84' lang='lat' dir='ltr'>sanctiorem</span> <span class='ocrx_word' id='word_1_318' title='bbox 1111 2372 1394 2429; x_wconf 88' lang='lat' dir='ltr'>voluptatem,</span> <span class='ocrx_word' id='word_1_319' title='bbox 1436 2370 1689 2425; x_wconf 79' lang='lat' dir='ltr'>aequalibus</span> 
     </span>
     <span class='ocr_line' id='line_1_41' title="bbox 113 2427 1690 2485; baseline -0.003 -14"><span class='ocrx_word' id='word_1_320' title='bbox 113 2430 456 2472; x_wconf 87' lang='lat' dir='ltr'>emendationem</span> <span class='ocrx_word' id='word_1_321' title='bbox 489 2438 531 2470; x_wconf 91' lang='lat' dir='ltr'>et</span> <span class='ocrx_word' id='word_1_322' title='bbox 560 2429 783 2471; x_wconf 89' lang='lat' dir='ltr'>certiorem</span> <span class='ocrx_word' id='word_1_323' title='bbox 819 2429 1000 2482; x_wconf 88' lang='lat' dir='ltr'>cultum,</span> <span class='ocrx_word' id='word_1_324' title='bbox 1043 2444 1171 2485; x_wconf 89' lang='lat' dir='ltr'>quam</span> <span class='ocrx_word' id='word_1_325' title='bbox 1211 2428 1284 2484; x_wconf 89' lang='lat' dir='ltr'>qui</span> <span class='ocrx_word' id='word_1_326' title='bbox 1330 2428 1382 2468; x_wconf 89' lang='lat' dir='ltr'>ab</span> <span class='ocrx_word' id='word_1_327' title='bbox 1422 2427 1579 2468; x_wconf 87' lang='lat' dir='ltr'>exteris</span> <span class='ocrx_word' id='word_1_328' title='bbox 1619 2441 1690 2482; x_wconf 90' lang='lat' dir='ltr'>pe-</span> 
     </span>
     <span class='ocr_line' id='line_1_42' title="bbox 111 2483 1689 2542; baseline -0.003 -14"><span class='ocrx_word' id='word_1_329' title='bbox 111 2495 271 2528; x_wconf 89' lang='lat' dir='ltr'>teretur</span> <span class='ocrx_word' id='word_1_330' title='bbox 313 2494 355 2528; x_wconf 86' lang='lat' dir='ltr'>et</span> <span class='ocrx_word' id='word_1_331' title='bbox 391 2493 695 2537; x_wconf 82' lang='lat' dir='ltr'>ostentaretur,</span> <span class='ocrx_word' id='word_1_332' title='bbox 737 2501 941 2542; x_wconf 84' lang='lat' dir='ltr'>quaerere</span> <span class='ocrx_word' id='word_1_333' title='bbox 992 2485 1299 2526; x_wconf 87' lang='lat' dir='ltr'>instituissent.</span> <span class='ocrx_word' id='word_1_334' title='bbox 1369 2483 1451 2525; x_wconf 91' lang='lat' dir='ltr'>Illo</span> <span class='ocrx_word' id='word_1_335' title='bbox 1496 2491 1689 2540; x_wconf 89' lang='lat' dir='ltr'>tempore</span> 
     </span>
     <span class='ocr_line' id='line_1_43' title="bbox 111 2539 1688 2598; baseline -0.003 -14"><span class='ocrx_word' id='word_1_336' title='bbox 111 2543 284 2585; x_wconf 89' lang='lat' dir='ltr'>scholae</span> <span class='ocrx_word' id='word_1_337' title='bbox 329 2541 618 2598; x_wconf 86' lang='lat' dir='ltr'>provinciales</span> <span class='ocrx_word' id='word_1_338' title='bbox 677 2542 891 2583; x_wconf 86' lang='lat' dir='ltr'>Saxoniae</span> <span class='ocrx_word' id='word_1_339' title='bbox 940 2542 1031 2583; x_wconf 90' lang='lat' dir='ltr'>suis</span> <span class='ocrx_word' id='word_1_340' title='bbox 1081 2556 1276 2598; x_wconf 85' lang='lat' dir='ltr'>quaeque</span> <span class='ocrx_word' id='word_1_341' title='bbox 1332 2539 1570 2581; x_wconf 91' lang='lat' dir='ltr'>luminibus</span> <span class='ocrx_word' id='word_1_342' title='bbox 1620 2554 1688 2579; x_wconf 86' lang='lat' dir='ltr'>ex-</span> 
     </span>
     <span class='ocr_line' id='line_1_44' title="bbox 113 2596 1688 2651; baseline -0.004 -10"><span class='ocrx_word' id='word_1_343' title='bbox 113 2599 371 2651; x_wconf 89' lang='lat' dir='ltr'>celluerunt,</span> <span class='ocrx_word' id='word_1_344' title='bbox 404 2606 449 2639; x_wconf 89' lang='lat' dir='ltr'>ut</span> <span class='ocrx_word' id='word_1_345' title='bbox 489 2606 650 2639; x_wconf 88' lang='lat' dir='ltr'>certare</span> <span class='ocrx_word' id='word_1_346' title='bbox 692 2598 804 2640; x_wconf 85' lang='lat' dir='ltr'>inter</span> <span class='ocrx_word' id='word_1_347' title='bbox 844 2614 890 2640; x_wconf 90' lang='lat' dir='ltr'>se</span> <span class='ocrx_word' id='word_1_348' title='bbox 930 2598 1181 2640; x_wconf 88' lang='lat' dir='ltr'>viderentur</span> <span class='ocrx_word' id='word_1_349' title='bbox 1220 2596 1524 2638; x_wconf 87' lang='lat' dir='ltr'>honestissima</span> <span class='ocrx_word' id='word_1_350' title='bbox 1565 2610 1688 2636; x_wconf 85' lang='lat' dir='ltr'>verae</span> 
     </span>
     <span class='ocr_line' id='line_1_45' title="bbox 111 2652 1687 2710; baseline -0.002 -16"><span class='ocrx_word' id='word_1_351' title='bbox 111 2655 386 2696; x_wconf 85' lang='lat' dir='ltr'>humanitatis</span> <span class='ocrx_word' id='word_1_352' title='bbox 415 2654 728 2708; x_wconf 69' lang='lat' dir='ltr'>aemulatione,</span> <span class='ocrx_word' id='word_1_353' title='bbox 764 2655 998 2696; x_wconf 84' lang='lat' dir='ltr'>Misneusis</span> <span class='ocrx_word' id='word_1_354' title='bbox 1029 2663 1199 2710; x_wconf 88' lang='lat' dir='ltr'>praeter</span> <span class='ocrx_word' id='word_1_355' title='bbox 1228 2654 1335 2694; x_wconf 90' lang='lat' dir='ltr'>alios</span> <span class='ocrx_word' id='word_1_356' title='bbox 1375 2652 1687 2693; x_wconf 82' lang='lat' dir='ltr'>Rabncrum</span> 
     </span>
     <span class='ocr_line' id='line_1_46' title="bbox 114 2707 1686 2768; baseline -0.003 -16"><span class='ocrx_word' id='word_1_357' title='bbox 114 2727 240 2753; x_wconf 89' lang='lat' dir='ltr'>suum</span> <span class='ocrx_word' id='word_1_358' title='bbox 270 2711 438 2762; x_wconf 87' lang='lat' dir='ltr'>habuit,</span> <span class='ocrx_word' id='word_1_359' title='bbox 471 2711 671 2751; x_wconf 88' lang='lat' dir='ltr'>acerbum</span> <span class='ocrx_word' id='word_1_360' title='bbox 702 2711 893 2768; x_wconf 84' lang='lat' dir='ltr'>quidem,</span> <span class='ocrx_word' id='word_1_361' title='bbox 922 2711 998 2752; x_wconf 90' lang='lat' dir='ltr'>sed</span> <span class='ocrx_word' id='word_1_362' title='bbox 1034 2726 1218 2766; x_wconf 85' lang='lat' dir='ltr'>gnavum</span> <span class='ocrx_word' id='word_1_363' title='bbox 1240 2718 1282 2750; x_wconf 90' lang='lat' dir='ltr'>ct</span> <span class='ocrx_word' id='word_1_364' title='bbox 1303 2710 1522 2750; x_wconf 87' lang='lat' dir='ltr'>cordatum</span> <span class='ocrx_word' id='word_1_365' title='bbox 1545 2707 1686 2749; x_wconf 89' lang='lat' dir='ltr'>cuius-</span> 
     </span>
     <span class='ocr_line' id='line_1_47' title="bbox 113 2765 1686 2824; baseline -0.003 -16"><span class='ocrx_word' id='word_1_366' title='bbox 113 2782 197 2823; x_wconf 88' lang='lat' dir='ltr'>que</span> <span class='ocrx_word' id='word_1_367' title='bbox 231 2766 530 2824; x_wconf 86' lang='lat' dir='ltr'>perversitatis</span> <span class='ocrx_word' id='word_1_368' title='bbox 562 2782 802 2820; x_wconf 90' lang='lat' dir='ltr'>censorem,</span> <span class='ocrx_word' id='word_1_369' title='bbox 828 2776 869 2808; x_wconf 88' lang='lat' dir='ltr'>et</span> <span class='ocrx_word' id='word_1_370' title='bbox 899 2768 974 2824; x_wconf 86' lang='lat' dir='ltr'>qui</span> <span class='ocrx_word' id='word_1_371' title='bbox 1005 2765 1329 2807; x_wconf 87' lang='lat' dir='ltr'>diversissimus</span> <span class='ocrx_word' id='word_1_372' title='bbox 1361 2773 1510 2805; x_wconf 88' lang='lat' dir='ltr'>natura</span> <span class='ocrx_word' id='word_1_373' title='bbox 1540 2772 1581 2804; x_wconf 92' lang='lat' dir='ltr'>et</span> <span class='ocrx_word' id='word_1_374' title='bbox 1602 2778 1686 2804; x_wconf 88' lang='lat' dir='ltr'>mo-</span> 
     </span>
     <span class='ocr_line' id='line_1_48' title="bbox 112 2821 1684 2879; baseline -0.004 -16"><span class='ocrx_word' id='word_1_375' title='bbox 112 2823 232 2864; x_wconf 88' lang='lat' dir='ltr'>ribus</span> <span class='ocrx_word' id='word_1_376' title='bbox 265 2830 476 2879; x_wconf 87' lang='lat' dir='ltr'>perpetua</span> <span class='ocrx_word' id='word_1_377' title='bbox 506 2822 693 2864; x_wconf 84' lang='lat' dir='ltr'>amicitia</span> <span class='ocrx_word' id='word_1_378' title='bbox 724 2839 820 2865; x_wconf 91' lang='lat' dir='ltr'>cum</span> <span class='ocrx_word' id='word_1_379' title='bbox 851 2823 926 2864; x_wconf 90' lang='lat' dir='ltr'>illo</span> <span class='ocrx_word' id='word_1_380' title='bbox 945 2823 1202 2864; x_wconf 88' lang='lat' dir='ltr'>coniunctus</span> <span class='ocrx_word' id='word_1_381' title='bbox 1232 2822 1329 2874; x_wconf 85' lang='lat' dir='ltr'>fuit,</span> <span class='ocrx_word' id='word_1_382' title='bbox 1353 2821 1684 2867; x_wconf 86' lang='lat' dir='ltr'>Gellcrtum,</span> 
     </span>
     <span class='ocr_line' id='line_1_49' title="bbox 114 2876 1683 2936; baseline -0.004 -15"><span class='ocrx_word' id='word_1_383' title='bbox 114 2880 189 2936; x_wconf 76' lang='lat' dir='ltr'>qui</span> <span class='ocrx_word' id='word_1_384' title='bbox 221 2894 313 2920; x_wconf 85' lang='lat' dir='ltr'>eam</span> <span class='ocrx_word' id='word_1_385' title='bbox 344 2878 567 2936; x_wconf 80' lang='lat' dir='ltr'>pietatem,</span> <span class='ocrx_word' id='word_1_386' title='bbox 599 2894 727 2935; x_wconf 88' lang='lat' dir='ltr'>quam</span> <span class='ocrx_word' id='word_1_387' title='bbox 758 2894 847 2933; x_wconf 82' lang='lat' dir='ltr'>ore,</span> <span class='ocrx_word' id='word_1_388' title='bbox 878 2879 1071 2936; x_wconf 82' lang='lat' dir='ltr'>scriptis,</span> <span class='ocrx_word' id='word_1_389' title='bbox 1104 2877 1366 2921; x_wconf 81' lang='lat' dir='ltr'>carminibus</span> <span class='ocrx_word' id='word_1_390' title='bbox 1395 2876 1683 2933; x_wconf 82' lang='lat' dir='ltr'>profiteretur,</span> 
     </span>
    </p>
   </div>
  </div>
 </body>
</html>
