1835 3215
831 128 910 170 241

84 240 344 297 placidoque
373 239 512 294 vultu,
552 255 599 282 se
627 239 942 282 collocuturum
978 255 1074 281 cum
1102 253 1154 280 eo
1182 236 1376 296 primano
1405 237 1464 280 ait
1494 253 1606 293 esse,
1637 254 1661 282 a

85 312 170 353 quo
210 297 481 340 introductus
520 296 593 340 ille
634 304 765 349 esset,
810 304 939 352 atque
977 295 1097 337 brevi
1127 303 1227 352 post
1257 310 1395 353 poena
1426 294 1661 338 sollicitum

84 368 267 409 puerum
318 354 533 396 liberavit.
620 353 744 408 Quae
787 352 900 394 iusta
938 351 1029 394 eius
1070 352 1225 393 lenitas
1256 359 1303 393 ut
1351 367 1517 393 summo
1558 367 1660 408 pue-

83 425 178 450 rum
219 410 378 466 gaudio
420 418 462 452 et
499 418 708 467 perpetua
743 410 788 451 in
817 409 1007 450 futurum
1040 408 1253 450 hilaritate
1283 408 1496 465 implevit,
1530 408 1588 450 ita
1617 408 1661 450 in

85 466 269 508 consilio
314 466 367 508 de
398 466 611 509 evitandis
650 467 780 508 rebus
812 482 834 506 a
863 466 958 521 lege
990 465 1143 507 alienis
1175 473 1216 506 et
1246 465 1388 506 minus
1416 465 1546 507 rectis
1579 472 1661 506 sta-

82 522 241 564 bilivit.
305 523 406 576 Quo
448 523 492 564 in
524 539 684 579 genere
718 522 902 564 maxime
934 521 1027 563 eius
1057 521 1274 563 orationes
1313 522 1516 575 morales,
1554 537 1662 578 quas

84 594 259 635 quoque
287 579 393 622 solis
423 579 492 621 die
520 588 621 636 post
651 579 874 621 meridiem
906 594 985 635 pro
1015 578 1225 620 concione
1256 578 1574 634 discipulorum
1591 579 1662 619 ha-

82 635 192 687 buit,
225 635 405 677 multum
437 635 679 678 valuerunt.
740 635 824 676 His
863 634 1130 677 orationibus
1167 634 1221 675 ad
1250 635 1453 676 virtutem
1487 642 1664 690 pectora

84 690 267 747 puerilia
310 692 439 733 unico
481 708 623 734 amore
665 691 861 735 incendit
900 699 1028 748 atque
1064 691 1106 731 in
1139 691 1379 733 honestatis
1409 691 1553 733 studio
1580 707 1663 732 ma-

81 747 196 789 xime
247 748 529 790 confirmavit.
620 749 755 790 Cuius
805 747 1103 789 sanctissimae
1151 747 1377 789 facundiae
1424 763 1663 801 memores,

83 820 248 858 omnes,
269 805 345 861 qui
376 804 538 846 adestis
567 805 648 847 viri
679 803 1002 861 religiosissimi
1034 804 1266 860 disciplina
1295 805 1380 857 usi,
1417 820 1495 861 pro
1527 804 1665 847 salute

83 861 178 903 eius
211 869 308 904 vota
340 861 643 904 ardentissima
674 877 842 904 mecum
865 860 1023 902 Vestra
1052 869 1195 902 mente
1229 861 1501 918 nuncupate!

192 956 431 998 Veniamus
463 955 517 997 ad
549 953 937 1007 Hentschium,
970 954 1093 996 cuius
1122 969 1299 1011 corpus,
1332 962 1380 996 ut
1408 963 1665 1010 ceterorum,

81 1013 248 1055 tumulo
281 1013 501 1055 conditum
534 1028 613 1054 suo
645 1011 848 1070 quiescit.
912 1010 998 1053 Hic
1030 1027 1204 1068 quoque
1232 1012 1352 1053 iocos
1383 1027 1485 1053 suos
1517 1028 1668 1069 seque-

83 1071 223 1124 batur,
265 1070 424 1126 quibus
457 1085 565 1125 quae
600 1085 669 1110 res
710 1067 1012 1125 grammaticae
1044 1068 1239 1125 puerulis
1271 1068 1441 1109 ieiunae
1471 1069 1666 1110 videren-

81 1135 167 1180 tur,
212 1142 282 1168 eas
315 1126 525 1169 condiret.
598 1125 824 1167 Iocabatur
853 1132 994 1166 autem
1024 1125 1208 1166 maxime
1240 1125 1367 1166 etiam
1398 1126 1442 1166 in
1471 1125 1668 1167 declami-

84 1183 201 1224 tandi
231 1182 612 1225 exercitationibus
643 1182 828 1238 aliisque
858 1181 902 1222 in
934 1182 1082 1233 rebus,
1106 1181 1337 1238 praecipue
1363 1183 1489 1223 etiam
1510 1182 1554 1223 in
1575 1197 1667 1224 ver-

85 1240 225 1293 sibus,
258 1256 367 1296 quos
400 1240 442 1280 in
477 1239 636 1280 scholis
667 1238 894 1280 Ovidianis
924 1238 969 1279 in
1004 1238 1208 1279 Latinum
1240 1239 1555 1280 convertendos
1587 1246 1667 1280 ter-

83 1296 213 1337 tianis
247 1305 289 1337 et
320 1295 543 1353 quartanis
575 1304 664 1336 tum
692 1295 948 1351 plerumque
980 1295 1024 1334 in
1057 1310 1188 1335 unum
1221 1302 1391 1336 coetum
1423 1294 1666 1336 coniunctis

85 1352 296 1394 Germane
339 1351 531 1394 dictavit.
595 1352 737 1404 Quam
769 1350 956 1405 insignis
987 1350 1068 1391 hoc
1099 1352 1140 1391 in
1174 1365 1332 1407 genere
1363 1351 1510 1401 fuerit,
1541 1359 1665 1392 testa-

84 1419 151 1451 tur
179 1409 334 1450 Latina
365 1409 664 1464 interpretatio
692 1407 905 1463 poematis
939 1407 1170 1462 Germani,
1212 1407 1393 1450 Siama
1426 1407 1516 1449 und
1548 1408 1665 1450 Gal-

81 1480 228 1522 mory
256 1464 473 1521 inscripti,
505 1465 628 1507 cuius
659 1464 830 1505 initium
864 1464 946 1506 hoc
976 1470 1066 1505 cst:

195 1548 341 1592 {Bauer
372 1560 434 1592 um
463 1547 592 1591 leenb
627 1545 782 1599 roobia?

193 1616 416 1671 Quorsum
458 1615 600 1672 carpis
638 1615 743 1668 iter,
778 1613 958 1655 Phoebo
988 1614 1202 1670 fugiente,
1232 1614 1399 1656 viator?

82 1699 224 1753 Quam
261 1712 361 1739 vcro
393 1696 513 1738 vultu
551 1704 592 1738 et
630 1696 773 1739 verbis
806 1695 1080 1752 significabat
1113 1695 1321 1737 laetitiam
1353 1694 1405 1736 de
1437 1694 1666 1753 discipulis

80 1756 123 1796 in
145 1753 307 1797 scholis
339 1761 473 1808 recte,
499 1761 646 1810 parate
679 1761 968 1810 prompteque
997 1752 1382 1808 respondentibus,
1407 1767 1455 1793 ea
1476 1752 1667 1809 discipu-

82 1812 221 1853 lorum
254 1809 445 1852 studium
475 1818 517 1852 et
545 1810 875 1852 aemulationem
908 1809 1032 1852 valde
1059 1808 1263 1851 excitavit
1282 1816 1323 1849 et
1348 1809 1478 1850 acuit.
1538 1809 1667 1850 Prae-

83 1876 195 1909 terea
234 1866 436 1908 familiari
477 1867 663 1923 quodam
699 1866 849 1924 lepore
893 1866 1109 1907 utebatur.
1174 1865 1249 1919 Ut,
1292 1864 1367 1906 ubi
1406 1865 1580 1922 quando
1613 1881 1666 1907 ex

82 1925 240 1966 itinere
268 1931 481 1965 nocturno
510 1930 703 1981 tempore
730 1923 856 1974 redii,
889 1931 980 1964 tum
1011 1922 1203 1979 quidem,
1235 1937 1332 1964 cum
1363 1922 1556 1963 tabulata
1575 1921 1667 1963 obi-

80 1989 145 2022 ret
176 1981 364 2037 singula,
395 1987 498 2035 post
528 1987 747 2037 acceptam
775 1979 1074 2036 redditamque
1106 1979 1287 2020 salutem
1310 1977 1493 2020 adiecit:
1530 1979 1668 2032 „Fes-

82 2053 156 2078 sus
197 2053 259 2090 es,
300 2036 556 2090 Miillere,
596 2052 780 2093 propera
822 2036 866 2077 in
905 2036 1112 2077 nidum.“
1173 2036 1406 2076 Praeterea
1437 2035 1548 2076 sales
1581 2035 1666 2076 Te-

81 2094 300 2135 rcntiauos
340 2100 382 2133 et
409 2092 571 2148 optime
602 2093 792 2134 reddidit
822 2108 895 2134 ore
935 2093 1150 2134 Germano
1180 2099 1222 2133 et
1251 2091 1448 2148 apprime
1479 2091 1667 2147 expli0a·

79 2151 157 2203 vit,
181 2150 322 2206 iisque
352 2148 462 2204 ipsis
482 2156 522 2189 et
541 2148 774 2202 Plautinis,
801 2165 899 2191 cum
930 2150 1045 2206 apud
1078 2165 1175 2190 eum
1204 2149 1248 2189 in
1273 2148 1476 2189 cubiculo
1498 2149 1666 2189 Asrano

80 2206 209 2263 pauci
247 2207 292 2247 in
323 2204 573 2246 societatem
600 2204 812 2260 privatam
842 2206 1065 2247 coniuncti
1095 2205 1432 2261 disputaremus,
1465 2204 1666 2260 frequen-

85 2263 248 2305 tissime
277 2261 590 2319 aptissimeque
617 2269 683 2302 est
708 2278 833 2315 usus,
864 2270 913 2304 ut
937 2262 1013 2304 illo
1042 2261 1274 2317 Plautino:

528 2329 882 2386 Anguillast,
917 2330 1184 2372 elabitur.

192 2400 260 2444 Sit
289 2400 383 2444 viro
412 2398 786 2457 praestantissimo
816 2399 1158 2456 doctissimoque
1188 2406 1299 2441 terra
1328 2397 1435 2440 levis
1452 2397 1462 2438 !

192 2495 281 2537 Iam
313 2510 450 2552 pauca
480 2494 532 2535 de
558 2494 832 2537 VVeiskio.
893 2493 979 2537 Hic
1011 2503 1058 2536 ut
1088 2502 1178 2537 erat
1208 2493 1492 2536 subtilissime
1523 2495 1662 2537 crudi·

81 2560 150 2594 tus
182 2552 366 2594 maxime
398 2552 442 2592 in
472 2550 628 2592 litteris
659 2550 856 2605 Graecis,
887 2551 1011 2593 cuius
1044 2552 1276 2609 disciplina
1316 2566 1397 2607 ego
1426 2566 1505 2607 per
1532 2552 1662 2593 breve

81 2616 247 2650 tantum
278 2616 449 2664 tempus
497 2623 601 2648 usus
643 2623 763 2659 sum,
808 2608 971 2650 salibus
1014 2616 1056 2650 et
1086 2607 1358 2651 acuminibus
1390 2607 1541 2649 facetis
1575 2624 1661 2650 cre-

81 2663 291 2706 berrimus
332 2672 437 2716 erat,
476 2671 518 2705 et
557 2680 653 2706 cum
684 2664 814 2721 pauci
845 2665 960 2721 apud
990 2681 1115 2717 eum,
1160 2682 1257 2707 eum
1289 2663 1381 2705 cius
1413 2672 1529 2705 esset
1560 2664 1660 2705 heb-

84 2719 248 2773 domas,
291 2720 625 2777 disputaremus,
665 2720 761 2777 ipsc
800 2721 1006 2776 magister
1045 2737 1125 2763 nos
1164 2719 1402 2778 discipulos
1445 2720 1498 2760 ad
1539 2720 1658 2762 iocos

84 2775 371 2831 disputationi
412 2776 668 2818 inserendos
697 2777 972 2833 impellebat,
1019 2786 1061 2819 et
1092 2793 1352 2834 quamquam
1392 2775 1504 2817 nihil
1540 2776 1659 2816 dero-

85 2831 178 2885 gari
220 2831 421 2887 dignitati
451 2847 554 2873 suae
593 2847 782 2888 unquam
811 2833 1072 2890 patiebatur,
1106 2842 1246 2874 tamen
1277 2841 1362 2873 tam
1394 2839 1484 2871 erat
1514 2830 1657 2870 affabi-

83 2887 157 2944 lis,
199 2894 247 2930 ut
287 2888 415 2932 etiam
452 2887 497 2930 in
529 2888 775 2932 cubiculum
803 2905 929 2931 suum
959 2889 1177 2945 invitaret,
1210 2888 1283 2930 ubi
1314 2886 1440 2927 nobis
1470 2894 1511 2927 et
1538 2885 1656 2927 iocu-

1298 2941 1351 2983 1ss
