1835 3215
835 133 917 173 223

306 248 532 303 Rogisqnc
561 246 740 300 amieos,
779 246 876 303 quis
909 247 1055 288 Pietas
1087 260 1207 287 sacra

310 306 366 346 Et
400 304 525 344 Musa
555 304 675 344 cordi
705 311 785 355 est,
817 303 978 344 auxilio
1010 302 1125 355 iuva,

360 360 432 407 Ut,
464 359 678 415 quidquid
708 359 950 401 obluctatur
980 366 1114 411 aetas,

414 415 660 471 Religionis
692 415 830 457 honos
862 422 1091 472 perennet,

302 569 529 623 Tutaeque
560 568 612 608 ab
645 568 759 609 omni
792 568 1033 611 castalides
1065 570 1176 612 malo

302 625 437 665 Afrae
467 624 693 666 recludant
731 625 879 666 limina
912 626 1117 682 posteris,

356 680 469 722 Dum
503 680 747 736 praefluens
779 682 912 723 colles
944 683 1112 738 apricos

408 735 644 778 Misniacas
673 736 789 779 lavet
815 737 945 779 Albis
976 753 1112 779 arces.

301 890 479 947 Largire
512 892 698 945 cunctis,
732 906 841 948 quos
874 890 991 933 iuvat
1021 890 1230 947 impigrae

303 948 434 988 Artes
462 947 660 988 iuventae
692 948 859 988 tradere
894 946 1102 1001 Palladis,

357 1003 490 1044 Vires
519 1011 733 1057 recentes,
764 1011 811 1044 ut
841 1004 1048 1045 molestos

417 1060 549 1101 Ferre
581 1067 742 1116 queant
768 1059 912 1116 vegeti
940 1059 1129 1111 labores,

299 1214 553 1271 Dulcesque
584 1215 770 1268 fructus,
801 1229 903 1271 prae
935 1213 1095 1270 quibus
1127 1226 1281 1254 aureae

299 1270 487 1311 Sordent
517 1286 670 1311 arenae
701 1269 954 1327 praecipitis
985 1269 1118 1324 Tagi,

359 1325 485 1366 Laeti
518 1334 790 1381 peractorum
825 1326 1019 1366 laborum

423 1380 490 1422 Ex
525 1383 680 1423 teneris
714 1381 888 1437 capiant
918 1379 1121 1422 alumnis.

300 1536 418 1578 Fove
449 1544 646 1592 paterno,
678 1551 788 1592 quos
820 1549 977 1591 pucros
1009 1533 1121 1574 bona

298 1592 427 1633 Nune
457 1593 565 1633 Afra
598 1593 750 1644 nutrit,
784 1606 905 1646 spem
937 1590 1116 1646 patriae,
1150 1588 1266 1640 sinu,

355 1647 569 1703 Iubequc,
601 1648 639 1688 si
668 1648 732 1688 sas
765 1654 848 1698 cst,
882 1646 1044 1686 alacres

413 1704 485 1744 Ad
517 1703 702 1759 positam
731 1716 962 1760 properare
992 1708 1165 1754 metam,

302 1854 362 1897 Ut
387 1855 514 1897 lande
545 1863 739 1898 crescant
768 1864 810 1897 et
836 1855 988 1896 merito
1021 1855 1140 1896 datas

300 1912 473 1952 Palmas
504 1919 750 1967 capessant,
784 1927 908 1968 quas,
941 1918 1079 1953 taceat
1109 1910 1227 1964 licet,

362 1967 583 2023 Lessingii
615 1968 785 2025 spirans
817 1967 961 2022 imago

414 2023 604 2080 Eloquio
635 2024 791 2066 melius
819 2024 1022 2066 celebrat.

302 2177 533 2220 Nobismet
563 2177 689 2233 ipsis,
721 2177 823 2219 dum
850 2177 955 2219 sinit
985 2177 1199 2233 Atropos,

304 2234 524 2289 Dnleique
556 2234 667 2275 vitae
696 2249 873 2274 munere
900 2233 1131 2286 vescimur,

364 2289 581 2341 Concede,
616 2304 725 2345 quae
758 2289 940 2330 Flaccus
973 2304 1156 2330 canorus

417 2346 540 2387 Voce
571 2345 642 2401 pia
672 2345 862 2386 Clarium
888 2344 1082 2399 rogavit:

269 2499 411 2554 „Frui
443 2500 605 2556 paratis
643 2508 684 2542 ct
712 2500 853 2542 valido
885 2500 1008 2552 mihi,

308 2556 461 2608 Latoe,
497 2557 649 2609 dones,
682 2565 740 2610 ct,
773 2572 944 2613 precor,
977 2556 1144 2611 integra

363 2611 473 2651 Cum
504 2621 662 2666 mente,
694 2628 774 2654 nec
804 2620 973 2669 turpem
1004 2620 1221 2653 senectam

418 2667 608 2722 Degere,
641 2684 719 2711 nec
751 2669 910 2710 cithara
939 2669 1207 2710 carentcin.“
