1835 3215
876 90 957 130 214

134 200 432 254 amplectimur
459 200 633 257 quidem
664 199 833 255 speeies
863 215 1005 242 rerum
1037 208 1080 242 et
1109 200 1269 256 figuras
1311 213 1472 255 easque
1510 201 1555 241 in
1592 201 1707 256 eogi—

132 255 318 297 tationes
363 266 406 298 et
455 256 654 296 notiones
700 256 1009 310 convertimus,
1039 256 1191 298 ultimo
1241 256 1338 297 loeo
1380 262 1520 297 autem
1563 272 1616 297 uc
1662 257 1708 297 in

131 310 243 367 ipsis
265 311 372 353 ideis
387 312 561 368 quidem
575 310 1127 368 acquiescimus‚tanquam
1151 311 1354 354 extremis
1375 311 1555 353 rationis
1574 312 1707 354 linea·

133 369 308 422 mentis,
325 368 423 424 quia
439 367 499 408 nil
519 367 708 409 absoluti
731 367 1071 423 deprehenditur
1095 369 1136 409 in
1157 376 1299 410 mente
1312 368 1550 409 humanaet
1570 368 1709 424 prima

134 423 274 465 adhuc
324 432 499 465 naturae
552 432 595 465 ct
648 424 940 465 conscientiae
985 433 1160 466 nostrae
1204 425 1414 466 elementa
1457 439 1707 481 supremum

132 480 283 520 mundi
311 488 527 520 auctorem
560 487 786 520 testantur.
847 480 1062 522 Volumus
1092 481 1236 537 itaque
1255 488 1297 522 et
1326 480 1558 537 probamus
1573 480 1708 521 scien·

132 536 236 576 tiam
267 535 473 589 sobriam,
504 535 782 592 profundam,
807 535 1006 588 solidam,
1030 537 1231 578 nolumus
1255 544 1397 577 autem
1415 536 1707 593 imperiosam,

132 591 465 633 tumultuantem
494 599 537 633 et
582 599 701 633 extra
743 592 860 633 oleas
906 601 1145 648 vagantem.
1206 593 1448 634 Prohamus
1497 592 1708 634 rationem

134 663 296 699 sanam,
328 648 501 701 honam,
533 647 768 704 legumque
791 648 930 689 omnis
957 649 1223 704 cognitionis
1251 649 1482 701 aedituam,
1506 649 1706 690 nolumus

134 711 282 744 eontra
332 704 502 756 malam,
549 705 713 759 absque
757 704 880 745 initio
925 712 966 745 ct
1005 706 1090 746 fine
1125 705 1411 758 dialecticam,
1440 704 1709 746 tribunitiam

132 760 412 815 ipsarumque
441 760 778 801 substantiarum
810 761 1039 817 imperium
1068 761 1152 802 sihi
1190 761 1497 805 vindicantem.
1556 761 1606 801 In
1638 761 1710 801 de·

131 815 243 856 liciis
276 816 483 857 habemus
513 816 830 872 philosophiam
864 832 1031 872 puram,
1063 818 1291 873 religionis
1320 818 1481 858 fontem
1513 824 1555 857 et
1582 817 1625 857 in
1648 817 1709 873 ip-

133 870 192 911 sis
245 872 378 913 sacris
433 873 572 913 literis
623 873 987 921 counnendaimm
1029 874 1231 914 nolumus
1275 881 1416 914 autem
1455 872 1710 928 sapientiam

133 927 432 968 scholasticam
468 928 813 985 qualemcunque
845 929 1091 985 disciplinis
1124 929 1257 971 saeris
1279 928 1601 984 adglutinariet
1623 945 1711 970 cre-

133 982 304 1024 dulitati
336 984 536 1039 publicae
568 992 770 1041 tanquam
796 985 1186 1041 alexipharmacum
1216 984 1466 1042 propinari,
1498 984 1711 1025 eiusmodi

133 1039 462 1097 philosophiaca
493 1040 693 1081 nolumus
724 1049 852 1097 atquc
884 1043 1181 1098 deprecamur,
1213 1057 1267 1082 ne
1299 1041 1476 1096 antiqua
1499 1040 1709 1081 ecelesiae

131 1095 307 1136 vulnera
337 1096 457 1138 brevi
488 1097 713 1139 intervallo
751 1097 1059 1139 recrudescant
1099 1105 1140 1139 et
1180 1098 1225 1139 in
1262 1097 1460 1138 fissuram
1490 1096 1709 1137 teti-iorem

131 1151 369 1193 dehiscant.
430 1151 487 1193 Et
527 1153 643 1209 quod
686 1153 825 1209 primo
858 1155 968 1195 forte
1004 1154 1100 1195 loco
1138 1152 1559 1195 commemorandum
1601 1161 1708 1204 erat,

131 1208 393 1264 exemplaria
425 1224 577 1263 graeca
618 1217 660 1250 et
698 1210 830 1250 latina
869 1226 996 1251 manu
1038 1210 1218 1250 adsidua
1259 1209 1435 1265 quidem
1476 1223 1498 1248 a
1538 1208 1710 1249 cultiori

129 1263 354 1305 iuventute
387 1265 594 1305 versanda
633 1280 730 1305 esse
772 1266 1027 1317 statuimus,
1071 1265 1272 1306 nolumus
1312 1273 1452 1306 autem
1490 1264 1571 1304 hoc
1615 1264 1709 1305 sine

130 1319 300 1361 delectu
340 1320 582 1375 argumenti
624 1328 667 1361 et
696 1320 971 1374 ingeniorum
1010 1321 1126 1361 fieri:
1161 1321 1361 1362 nolumus
1392 1320 1444 1361 ab
1482 1319 1578 1360 aliis
1612 1336 1708 1376 pro-

128 1383 224 1431 pter
255 1375 529 1417 dulcedinem
550 1376 962 1433 Xenophontis,
996 1378 1063 1418 vel
1094 1377 1394 1418 Ciceronis
1417 1376 1709 1432 eloquentiam

130 1431 452 1487 simplicitatem
483 1433 778 1489 apostolorum
809 1441 851 1474 et
882 1433 1089 1474 orationis
1115 1433 1300 1475 biblicae
1317 1433 1593 1489 asperitatem
1611 1447 1708 1474 con-

128 1488 276 1532 temni.
336 1489 481 1530 Habet
521 1489 635 1530 enim
674 1497 858 1545 utraque
902 1489 1154 1546 antiquitas,
1201 1497 1292 1531 tum
1320 1504 1457 1540 sacra,
1489 1496 1579 1529 tum
1614 1504 1708 1544 pro-

129 1544 226 1584 fana
259 1553 457 1586 auctores
497 1561 600 1586 suos
639 1545 873 1599 classicos,
914 1561 1038 1587 nemo
1077 1561 1224 1586 eorum
1272 1545 1482 1586 instinctu
1522 1544 1708 1600 quodam

129 1615 251 1641 sacro
292 1601 562 1656 propitiique
608 1602 719 1642 coeli
760 1603 1018 1643 commercio
1061 1602 1187 1658 plane
1220 1601 1452 1642 destitutus
1483 1608 1596 1653 erat,
1631 1601 1709 1641 dis·

129 1656 274 1696 serunt
304 1664 442 1697 tamen
472 1657 670 1697 doctores
700 1657 799 1697 fidei
833 1674 854 1697 a
888 1657 1107 1711 magistris
1140 1657 1294 1697 artium
1335 1664 1484 1697 sancto
1522 1656 1709 1711 quodam

128 1711 456 1753 meditationum
495 1727 688 1764 recessu,
733 1728 818 1767 quo
865 1712 1034 1753 divinae
1074 1712 1230 1753 mentis
1279 1711 1494 1752 scintillae
1536 1711 1706 1753 facilius

127 1767 311 1808 emicare
342 1768 613 1823 coelitusque
643 1768 778 1809 foveri
809 1776 1025 1824 poterant.
1087 1769 1219 1809 Istam
1252 1767 1386 1823 igitur
1410 1767 1556 1819 fidem,
1580 1767 1707 1808 ratio·

126 1823 196 1864 nis
226 1824 443 1874 comitem,
476 1823 682 1865 scientiae
713 1823 1043 1876 firmamentum,
1077 1832 1255 1879 propter
1286 1839 1413 1879 qnam
1453 1824 1706 1865 mortalibus

127 1880 386 1920 adscensum
420 1879 463 1920 iu
495 1880 662 1921 eoelum
697 1880 785 1920 dari
817 1879 897 1920 iam
927 1889 1092 1921 veteres
1116 1879 1302 1920 Romani
1326 1879 1586 1930 statuebant,
1607 1895 1707 1936 prae

128 1935 282 1977 ceteris
310 1935 438 1976 hodic
469 1936 738 1976 excitandam
769 1944 897 1989 atque
938 1935 1321 1977 eoimnendandam
1350 1951 1445 1976 esse
1488 1945 1704 1991 putamus.

126 1990 265 2032 Multa
297 1990 349 2031 de
381 1991 674 2047 paradigmate
706 1992 854 2033 mundi
883 1992 1082 2032 rationali
1112 1992 1445 2048 philosophatus
1484 1999 1549 2033 est
1589 1991 1706 2032 Pla-

128 2055 209 2098 to,
250 2045 445 2087 Mosen
495 2057 636 2088 autem
670 2047 721 2088 de
766 2049 982 2089 creatione
1018 2048 1148 2103 longe
1190 2047 1393 2089 subtilius
1431 2047 1705 2104 praecepisse

127 2102 222 2158 ipse
253 2102 545 2158 Longinus
580 2104 719 2144 fassus
748 2112 827 2145 est.
889 2104 957 2145 De
989 2120 1112 2146 sacro
1146 2103 1318 2144 humaui
1336 2104 1507 2159 generis
1534 2103 1707 2145 Foedere

127 2157 257 2199 ctiam
288 2159 511 2200 Stoicis
543 2160 708 2216 aliquid
741 2160 960 2207 ὶιιιιοῑιιίῑε,
991 2176 1089 2201 vera
1129 2168 1269 2200 autem
1301 2159 1425 2215 regni
1464 2159 1599 2199 divini
1644 2160 1706 2200 in-

127 2214 248 2255 doles
281 2215 324 2255 in
358 2216 469 2256 clara
520 2215 691 2257 demum
734 2216 1025 2271 evangelii
1064 2217 1162 2258 luce
1201 2215 1387 2256 refulsit.
1449 2214 1517 2255 De
1556 2223 1705 2256 natura

127 2270 303 2311 deorum
336 2271 467 2312 multa
497 2271 639 2325 docte,
670 2273 878 2314 nonnulla
903 2273 1094 2329 egregie,
1134 2271 1276 2312 omnia
1319 2270 1564 2311 dubitanter
1605 2272 1705 2312 seri-

125 2326 213 2381 psit
244 2326 473 2380 Cicero,
505 2330 683 2383 gratiam
707 2337 847 2369 autem
880 2345 974 2370 eum
1008 2329 1188 2369 veritate
1221 2327 1485 2368 Christus
1517 2326 1703 2382 primum

127 2382 178 2421 de
212 2383 332 2423 coelo
365 2384 589 2426 devocavit
617 2385 893 2441 foederisque
935 2384 1071 2424 divini
1111 2384 1361 2425 societatem
1402 2391 1589 2424 sanctam
1631 2398 1704 2438 pu-

125 2438 300 2479 rissimo
354 2440 562 2494 sanguiue
612 2441 895 2482 consecravit.
958 2441 1194 2481 Facessant
1229 2439 1361 2493 igitur
1404 2438 1703 2479 simulationes

127 2502 169 2534 et
199 2494 490 2548 suspiciones,
525 2511 635 2549 quae
668 2498 859 2537 intimam
889 2496 1094 2537 scientiae
1127 2503 1168 2536 et
1199 2496 1300 2536 fidei
1337 2493 1703 2536 necessitudinem

125 2549 394 2601 relaxarunt,
427 2551 657 2591 revirescat
680 2552 722 2591 in
741 2552 984 2606 gratissima
1018 2553 1051 2592 P
1067 2552 1150 2592 rin
1167 2552 1354 2606 cipum
1385 2557 1576 2591 nostro
1593 2566 1610 2589 r
1627 2566 1648 2589 n
1664 2567 1703 2590 m

127 2606 330 2646 memoria
362 2606 501 2660 prisca
533 2607 773 2648 animorum
803 2608 1049 2658 concordia,
1081 2623 1190 2662 (luae
1221 2608 1439 2647 literarum
1482 2605 1704 2645 humanio-

125 2679 218 2702 rum
264 2662 512 2701 varietatem
563 2662 794 2703 christiana
836 2663 1048 2717 sapientia
1098 2670 1311 2718 temperat
1357 2670 1400 2703 et
1442 2661 1485 2703 in
1536 2662 1703 2702 vividos

128 2718 298 2773 pietatis
325 2733 478 2757 sensus
503 2718 696 2758 resolvit.
759 2718 1014 2759 Suecreseat
1045 2719 1084 2757 Α
1104 2720 1257 2758 frana
1289 2726 1485 2759 nostra
1517 2716 1567 2757 iu
1583 2734 1603 2756 v
1622 2734 1641 2757 e
1660 2734 1703 2758 n-

125 2784 213 2815 tus
246 2773 287 2814 in
320 2773 488 2815 liberali
520 2773 758 2814 studiorum
797 2774 1040 2824 severitate,
1075 2789 1157 2829 qua
1196 2774 1359 2830 patriae
1403 2789 1521 2830 spem
1563 2773 1614 2814 dc
1657 2790 1702 2814 sc

124 2837 375 2888 conceptam
406 2845 627 2886 nunquam
663 2829 835 2883 fefellit,
869 2829 945 2871 sed
977 2829 1130 2871 iustam
1173 2845 1344 2887 semper
1384 2830 1500 2887 apud
1539 2844 1701 2886 aequos
