1835 3215
887 134 971 177 238

136 259 205 287 res
233 245 355 297 alias,
387 253 432 287 ut
462 246 595 286 diaria
630 245 754 288 docta
785 246 912 289 iussit
952 247 1124 290 recitari
1153 246 1427 305 perrexitque
1457 247 1589 289 iocari
1618 263 1714 290 cum

136 301 372 356 primanis‚
426 318 477 343 cx
520 301 678 359 quibus
721 302 888 360 aliquot
924 304 1139 347 interdum
1188 304 1242 344 ad
1283 319 1458 345 coenam
1501 305 1712 346 adhibuit.

136 359 290 416 ltaque
327 358 558 415 aliquando
595 375 692 402 cum
732 375 817 401 una
855 376 1075 414 essemus,
1120 360 1373 402 hortabatur
1402 376 1509 413 nos,
1540 369 1586 402 ut
1617 361 1714 419 plus

135 423 381 471 peteremus
425 415 567 457 carnis
607 424 746 458 tostae
787 425 829 458 et
871 418 1049 475 opipare
1088 426 1287 474 paratae,
1331 433 1471 469 „nam
1513 433 1597 459 non
1631 426 1712 472 est,

136 472 303 528 inquit,
351 473 628 527 quotidiana,
670 473 746 516 sed
787 473 942 517 Galli
984 474 1227 516 lndici.“
1297 475 1371 515 Ad
1413 475 1523 515 hanc
1565 490 1713 517 vocem

133 529 250 569 risus
281 528 450 570 subitus
478 530 686 572 omnium.
743 529 927 573 Frustra
957 532 1246 589 reprimimus.
1314 531 1428 572 Tum
1477 531 1715 573 Tzsehu-

134 585 305 636 chius,
328 585 479 637 „haud
500 586 646 638 dubie,
671 587 831 644 inquit,
852 587 1011 645 aliquis
1043 588 1358 643 discipulorum
1389 603 1629 643 cognomen
1662 589 1714 629 de

134 641 260 682 Gallo
293 642 441 684 lndico
473 644 668 699 accepit,
710 644 894 686 fortasse
934 644 1109 687 Mucius
1144 647 1377 702 (ponamus
1417 645 1499 686 hoc
1530 644 1713 701 nomen)

133 699 187 738 ob
231 698 404 740 barbam
453 701 651 742 maxillas
701 701 814 742 infra
854 701 1246 743 obumbrantem.“
1332 701 1448 743 Tum
1492 701 1620 742 etiam
1663 701 1714 742 de

133 754 353 808 Gellerto,
403 755 608 798 Erucstio
657 757 843 815 aliisque
884 758 1053 815 magnis
1099 758 1203 800 viris
1255 773 1365 815 quos
1406 758 1599 800 audierat
1644 757 1714 798 Li·

132 811 272 868 psiae,
306 828 435 868 saepe
467 829 565 855 cum
597 830 762 856 summa
793 816 1072 857 veneratione
1102 815 1315 867 narravit,
1361 815 1438 856 sed
1467 822 1514 856 ut
1545 830 1713 856 omnem

133 884 280 910 corum
320 869 515 911 habitum
552 878 650 912 ante
689 872 839 913 oculos
879 879 1172 928 proponeret,
1214 887 1343 929 saepe
1383 871 1502 913 vocis
1538 871 1712 912 modum

132 933 371 983 gestusque
400 926 610 969 imitatus.
671 927 764 970 Sub
796 928 911 969 idem
942 938 1114 984 tempus
1144 928 1272 970 ctiam
1305 929 1464 970 factum
1498 936 1564 969 est
1587 928 1711 978 illud,

132 982 254 1023 euius
290 999 404 1025 nunc
436 984 699 1028 mentionem
732 985 901 1026 faciam.
985 985 1095 1027 Cum
1135 986 1247 1026 enim
1289 985 1479 1026 chrica
1517 984 1713 1039 Rtugii

129 1039 343 1095 pastoris,
388 1040 433 1081 in
472 1040 631 1083 vicinia
673 1048 715 1083 et
757 1042 951 1083 Afraneo
991 1057 1044 1083 ex
1086 1041 1267 1084 adverso
1306 1041 1568 1090 habitantis,
1607 1041 1710 1094 filia,

130 1096 317 1137 formosa
348 1096 422 1138 illa
454 1105 496 1139 et
526 1098 767 1140 verecunda
799 1106 929 1155 atque
960 1099 1091 1151 culta,
1123 1098 1216 1139 viro
1247 1098 1555 1139 honestissimo
1580 1098 1712 1138 nube-

128 1160 209 1203 ret,
243 1168 427 1210 cumque
459 1154 581 1210 ipse,
613 1155 727 1211 patri
758 1155 947 1206 amicus,
979 1155 1179 1212 privatim
1213 1170 1381 1196 carmen
1423 1154 1623 1195 Latinum
1658 1154 1711 1194 ad

129 1209 409 1251 celebrandas
440 1211 616 1268 nuptias
644 1219 828 1267 pararet,
859 1212 1027 1267 aliquot
1060 1211 1281 1267 primanos
1313 1211 1355 1251 in
1389 1210 1530 1267 iisque
1560 1226 1709 1263 unum,

129 1265 204 1322 qui
248 1266 364 1322 quod
396 1282 565 1308 carmen
600 1267 840 1309 dictaturus
873 1275 980 1320 erat,
1012 1267 1215 1324 quoniam
1245 1267 1339 1324 ipse
1369 1282 1456 1307 non
1488 1267 1592 1308 satis
1624 1282 1712 1308 cer·

128 1322 274 1375 nebat,
302 1323 612 1376 conscriberet,
639 1324 691 1364 ad
724 1340 770 1365 se
805 1324 977 1366 vocavit
1007 1331 1271 1380 vocatosque
1302 1323 1500 1379 singulos
1524 1339 1710 1380 sponsae

126 1379 308 1420 virtutes
351 1380 569 1436 quomodo
609 1380 847 1422 laudandas
890 1388 1120 1437 putarent,
1169 1380 1365 1422 studiose
1409 1379 1707 1436 interrogavit.

128 1435 238 1477 Cum
274 1451 377 1478 vero
407 1436 564 1489 sciret,
601 1452 694 1478 eam
735 1437 898 1479 cithara
937 1437 1047 1478 hene
1087 1453 1267 1491 canere,
1300 1438 1410 1479 hanc
1450 1444 1583 1478 artem
1622 1453 1709 1478 non

127 1508 223 1533 esse
254 1493 680 1550 praetermittendam
713 1510 860 1536 severe
890 1494 1207 1552 pronuntiavit,
1241 1509 1461 1550 senexque
1494 1493 1617 1549 quasi
1649 1493 1709 1534 iu-

125 1550 259 1591 venili
281 1549 437 1606 spiritu
460 1553 624 1592 afflatus
650 1551 866 1592 distichon
898 1551 1236 1607 pulcherrimum
1268 1551 1436 1602 effudit,
1459 1551 1583 1592 cuius
1612 1550 1709 1591 hex-

127 1614 287 1647 ameter
319 1607 401 1647 suit
431 1607 525 1647 hic:
560 1607 703 1659 Quam
729 1607 855 1649 docte
885 1607 1073 1648 citharae
1105 1607 1319 1662 percurrit
1345 1606 1504 1663 pollice
1535 1622 1706 1648 nervos.

128 1662 454 1703 Recordabatur
485 1662 715 1703 Ovidiani:
757 1663 877 1705 Haec
916 1663 1118 1719 querulas
1159 1663 1264 1718 agili
1307 1663 1520 1718 percurrit
1549 1663 1708 1727 pollice

127 1719 324 1760 chordas.
389 1719 513 1771 Quae
545 1719 663 1759 senis
693 1734 793 1760 cura
823 1727 865 1760 et
895 1719 1141 1773 diligentia,
1173 1734 1226 1759 nc
1257 1718 1360 1775 quid
1382 1718 1522 1759 laudis
1555 1735 1596 1759 111
1621 1719 1708 1760 lilia

127 1775 420 1831 condiscipuli
454 1774 680 1816 Portensis
722 1775 825 1816 olim
858 1775 925 1816 sui
958 1776 1012 1816 ol)
1046 1776 1210 1816 futuras
1243 1775 1418 1831 nuptias
1450 1775 1707 1816 celebranda

125 1831 562 1887 praetermitteretur,
603 1839 645 1872 et
676 1831 840 1888 placuit
872 1831 1100 1888 discipulis
1129 1831 1253 1873 valde
1285 1840 1326 1873 et
1355 1846 1455 1872 vero
1488 1831 1615 1872 etiam
1650 1831 1706 1873 io-

126 1903 200 1929 cos
232 1888 391 1929 multos
424 1888 642 1929 excitavit.
714 1888 803 1929 Sed
842 1889 947 1930 haec
985 1890 1194 1930 hactenus
1238 1887 1290 1929 (le
1327 1887 1703 1931 Tzschuckio.

125 1944 193 1986 Sit
225 1944 317 1986 viro
346 1944 510 2001 optimo
542 1952 654 1985 terra
685 1944 819 1986 levis!

239 2033 327 2075 lam
367 2050 502 2091 panca
542 2034 685 2076 velitis
722 2034 871 2075 audire
912 2034 964 2076 de
1005 2033 1216 2090 Klugio
1264 2033 1440 2090 linguae
1482 2034 1705 2076 Hebraeae

124 2089 348 2146 magistro,
383 2091 504 2132 cuius
535 2092 708 2132 alteram
739 2091 868 2131 liliam
903 2091 1346 2133 commemoravimus.
1407 2091 1449 2132 Is
1483 2107 1579 2132 cum
1612 2092 1705 2132 Rie-

126 2147 348 2188 dermanni
387 2148 721 2203 Fribergensis,
763 2148 848 2188 nisi
888 2148 1040 2201 fallor,
1093 2147 1206 2189 libro
1249 2147 1527 2203 ¹grammatico
1569 2155 1704 2189 utere-

125 2212 211 2249 tur,
255 2204 502 2245 Geseuiano
543 2204 734 2245 nondum
775 2204 919 2256 edito,
961 2220 1223 2261 quamquam
1265 2204 1338 2245 alii
1380 2204 1462 2245 iam
1503 2204 1703 2245 meliores

124 2260 229 2301 editi
272 2269 418 2312 erant,
471 2277 579 2318 quae
627 2261 770 2302 miuus
812 2269 927 2303 recte
970 2262 1167 2317 exposita
1211 2268 1404 2317 putaret,
1452 2267 1525 2301 aut
1564 2275 1704 2301 emen-

125 2317 241 2357 davit
283 2325 355 2358 aut
396 2317 665 2360 obliteranda
707 2317 818 2359 dixit
858 2333 981 2371 esse,
1014 2333 1144 2374 saepe
1182 2317 1357 2374 quidem
1389 2316 1481 2358 sic:
1534 2316 1703 2369 „Haec

124 2381 225 2415 sunt
266 2372 401 2415 instar
432 2374 519 2416 limi
553 2374 738 2423 murini,
770 2374 873 2417 licet
911 2374 1192 2416 obducere.“
1264 2374 1377 2415 Tum
1417 2388 1564 2414 omnes
1601 2373 1701 2414 stilo

122 2429 326 2486 plumbeo
359 2430 648 2473 obduxerunt.
718 2431 827 2473 Cum
866 2446 968 2473 vero
1010 2431 1132 2472 illum
1162 2447 1287 2474 usum
1320 2429 1581 2486 explicaret,
1614 2445 1701 2486 quo

123 2487 177 2527 hc
208 2486 378 2527 articuli
417 2488 660 2529 extruditur
706 2488 818 2539 (etsi
847 2487 891 2529 in
924 2503 1009 2528 una
1042 2487 1258 2530 interdum
1288 2488 1510 2538 servatur)
1542 2485 1700 2527 litteris

122 2542 383 2600 praepositis
433 2555 493 2610 2)
533 2535 594 2609 ἦ,
633 2557 696 2609 3)
741 2545 819 2586 has
869 2544 1036 2586 litteras
1076 2545 1344 2603 transposuit
1390 2541 1701 2598 vocalibusque

122 2618 343 2671 instruxit,
376 2626 423 2660 ut
454 2611 609 2659 nomen
634 2613 847 2662 Helebh
877 2621 1014 2662 fieret.
1059 2621 1173 2662 Tum
1205 2621 1267 2662 sic
1290 2617 1501 2676 perrexit:
1534 2616 1700 2657 Kelcbh

123 2675 342 2730 significat
373 2689 554 2726 canem,
596 2676 714 2717 canis
757 2678 810 2718 he
850 2678 1021 2719 articuli
1051 2693 1198 2718 morsu
1231 2676 1354 2718 elidit
1383 2674 1511 2727 (bet'fit
1541 2676 1614 2717 1)αὲ
1642 2675 1700 2728 52²

124 2733 301 2788 bernw).
363 2731 463 2772 Alia
498 2730 710 2772 eiusmodi
744 2733 892 2787 multa,
926 2733 1085 2790 quibus
1117 2733 1263 2775 iocose
1293 2747 1398 2773 usus
1420 2729 1599 2771 firmiter
1627 2729 1698 2770 do—

124 2788 240 2842 cuit,
274 2788 350 2829 sed
381 2787 634 2829 exciderunt
664 2790 884 2830 memoria.
945 2789 1196 2838 Gahlerum,
1225 2787 1551 2830 Beroliuensem
1582 2801 1699 2827 nunc

122 2845 209 2886 nisi
250 2845 400 2898 fallor,
451 2843 627 2884 memini
675 2845 946 2900 perscribere
994 2845 1038 2886 in
1079 2845 1240 2888 scholis
1284 2842 1516 2900 aliquando
1556 2841 1697 2883 omnia

123 2901 338 2944 eiusmodi
391 2899 634 2958 Rlugiana,
687 2901 846 2957 quibus
903 2902 1042 2959 copiis
1093 2902 1132 2944 si
1175 2902 1327 2945 liceret
1365 2900 1452 2955 uti,
1491 2898 1696 2956 copiosus
