1835 3215
830 135 912 176 237
928 194 1001 200 „-

87 248 335 291 Casauboni
367 249 659 304 similiumque
680 246 861 288 aliorum
893 245 1034 287 studia
1057 244 1239 301 impigra
1269 242 1478 294 laudaret,
1503 240 1658 280 multas

86 305 333 347 historiolas
374 306 419 348 in
463 319 659 347 sermone
698 303 931 345 intexebat.
1009 301 1069 342 Ut
1106 300 1306 354 tradidit,
1349 314 1480 339 unum
1521 296 1660 337 exiis

86 362 243 403 litteris
286 363 376 404 suis
421 363 633 404 intentum
674 368 716 401 et
755 359 989 416 aliquando
1030 358 1082 399 ab
1113 357 1268 399 aneilla
1310 355 1423 398 clara
1455 368 1560 394 voce
1591 351 1660 392 ad-

87 419 321 470 monitum,
356 419 594 476 periculum
634 416 824 458 incendii
870 415 1093 456 imminere
1135 414 1287 466 domo,
1324 410 1662 453 stomachantem

88 474 393 531 respondisse:
440 474 590 529 „Noli
618 489 684 514 me
716 473 912 525 turbare,
955 472 1024 513 abi
1056 479 1098 512 et
1128 470 1197 512 dic
1230 467 1353 510 uxori
1383 482 1525 518 meac,
1568 464 1662 506 eius

88 532 192 572 haee
223 546 291 572 res
324 532 453 584 est4‘5
499 538 546 572 ut
584 530 794 582 narravit,
839 529 971 570 alium
1002 543 1132 584 saepe
1165 527 1442 568 lamentatum
1474 537 1586 575 0550,
1617 536 1663 561 50

88 603 138 628 eo
177 588 262 639 die,
297 603 382 643 qno
415 602 516 627 suae
547 587 722 642 nuptiae
755 585 968 636 fuissent,
1012 583 1169 625 studiis
1214 598 1289 624 sex
1330 590 1497 622 tantum
1536 579 1663 619 horas

90 644 274 685 tribuere
304 643 514 700 potuisse.
576 642 803 684 Eiusmodi
832 657 932 684 vero
965 641 1077 682 viros
1108 641 1244 682 factos
1276 654 1372 679 esse
1410 649 1590 691 magnos
1624 641 1666 674 et

89 700 307 751 illustres,
354 707 400 740 ut
443 698 713 755 suspiciendi
758 706 904 739 essent
950 705 1153 754 tanquam
1192 695 1402 736 montium
1445 690 1666 734 cacumina

91 755 243 807 nobis,
285 755 361 812 qui
392 756 576 796 maxime
609 755 719 796 infra
750 763 792 795 et
823 755 947 809 quasi
981 752 1176 809 depressi
1205 752 1286 793 sub
1316 749 1537 792 radicibus
1568 747 1666 788 imis

89 821 315 853 staremus.
406 811 550 852 Minus
590 827 689 853 vero
734 818 897 852 comtos
950 818 991 851 01
1028 809 1168 851 0111105
1210 806 1450 862 discipulos
1491 818 1667 861 quomo-

90 869 144 909 do
177 867 282 909 iocis
310 866 400 909 suis
433 868 512 909 etsi
545 867 633 909 lcni
661 866 889 908 admodum
911 881 1014 908 voce
1046 864 1330 921 perstrinxit?
1345 862 1522 903 Audite.
1557 860 1667 901 Cum

92 940 205 965 1111115
238 940 290 965 ex
321 923 548 980 discipulis
581 923 732 965 classis
766 923 955 980 primae,
1002 923 1126 963 cuius
1160 920 1304 962 studia
1348 918 1562 959 interdum
1603 931 1666 957 re-

92 981 223 1021 missa
264 980 545 1032 videbantur,
587 980 696 1021 forte
735 980 905 1021 fortuna
948 986 1067 1020 veste
1111 984 1302 1019 uteretur
1332 976 1442 1016 circa
1475 973 1668 1016 cubitum

92 1038 231 1078 lacera
262 1037 392 1092 idque
435 1036 706 1093 negligeret,
749 1035 1016 1092 praeteriens
1048 1050 1125 1091 per
1156 1049 1296 1075 aream
1329 1032 1482 1073 domus
1514 1030 1668 1086 prima-

90 1109 242 1134 norum
284 1093 546 1134 adstantium
577 1101 618 1134 et
649 1092 926 1134 salutantium
976 1091 1222 1144 cohortem,
1267 1088 1493 1130 advocavit
1530 1086 1668 1133 illum,

92 1158 220 1206 atque
264 1149 438 1191 brachio
481 1149 533 1190 ad
566 1158 730 1191 ceteros
760 1149 914 1191 leviter
945 1149 1136 1200 detorto,
1172 1155 1219 1188 ut
1249 1145 1503 1202 conspicere
1532 1156 1671 1199 prope

94 1205 287 1247 cubitum
319 1206 448 1247 vestis
480 1206 675 1248 lacunam
718 1213 923 1262 possent,
963 1204 1072 1246 nibil
1113 1203 1222 1245 dixit
1262 1202 1347 1243 nisi
1388 1202 1519 1242 haee:
1564 1214 1670 1253 „cn,

97 1263 165 1303 11ἰο
193 1262 346 1303 habete
376 1270 565 1303 vestrum
598 1263 934 1304 commilitonem
970 1259 1323 1316 (primanum)“!
1379 1255 1552 1310 Quodsi
1585 1270 1671 1294 11011

97 1317 317 1373 displicet,
350 1318 587 1372 videamus,
609 1318 826 1374 quomodo
858 1317 971 1358 idem
991 1317 1209 1358 licentiam
1229 1314 1400 1371 legibus
1431 1326 1672 1367 repugnaw

98 1383 180 1415 tem
211 1374 306 1415 ioco
340 1373 551 1415 interdum
585 1375 834 1415 cocrcuerit.
907 1374 1014 1414 Cum
1056 1388 1167 1414 1111115
1208 1388 1260 1413 ex
1297 1368 1557 1413 secundanis
1599 1367 1672 1407 ali-

97 1430 270 1487 quando
303 1430 547 1472 clanculum
578 1446 663 1471 non
696 1437 871 1487 accepta
903 1429 1025 1471 venia
1066 1445 1144 1485 per
1176 1438 1344 1485 portam
1386 1425 1559 1467 scholae
1603 1439 1673 1464 ex-

100 1487 207 1528 isset
237 1494 382 1543 0111110,
418 1494 462 1528 111
495 1486 588 1543 ipse
621 1487 783 1527 dixisse
815 1487 965 1538 fertur,
1000 1486 1075 1526 fati
1105 1484 1334 1541 iniquitate
1357 1483 1515 1523 factum
1540 1487 1672 1530 essct,

98 1552 143 1584 ut
171 1559 247 1600 per
278 1543 424 1584 urbem
467 1543 672 1585 incedens
715 1543 860 1584 subito
891 1541 1258 1583 ΤΖ50111101110
1300 1544 1563 1590 occurreret,
1597 1536 1674 1577 5011

100 1601 154 1641 ita
188 1599 482 1655 prospiceret,
527 1606 572 1639 ut
610 1599 694 1640 sibi
735 1599 952 1640 videretur
992 1613 1123 1654 posse
1156 1597 1371 1638 declinato
1403 1595 1675 1636 dextrorsum

98 1663 139 1697 et
188 1655 422 1696 accelerato
474 1670 603 1696 cursu
646 1655 739 1695 eins
787 1654 937 1695 oculos
989 1654 1290 1708 subterfugere
1340 1667 1425 1692 non
1473 1648 1673 1698 salutati,

99 1710 274 1752 nomine
314 1710 558 1767 appellatus
603 1727 626 1753 a
667 1709 1019 1752 ΤΖ50111101110
1067 1717 1202 1751 estet
1233 1709 1493 1760 advocatus,
1534 1721 1676 1761 neque

98 1776 240 1809 tamen
271 1767 526 1822 obiurgatus
558 1775 600 1808 et
629 1768 934 1824 reprehensus,
960 1767 1034 1807 sed
1062 1782 1157 1808 cum
1191 1764 1463 1807 cavillatione
1492 1762 1676 1819 quadam

99 1824 388 1879 interrogatus
420 1824 561 1876 hilari,
596 1823 662 1865 his
691 1824 859 1866 verbis:
903 1823 1116 1877 „Quanto
1146 1821 1287 1863 emisti
1320 1822 1433 1862 1111110
1465 1827 1583 1861 11111111
1614 1817 1676 1874 pi-

98 1880 284 1921 leum“‘2
359 1879 473 1920 Tum
515 1880 616 1932 ille,
666 1896 751 1921 non
800 1880 931 1931 satis,
986 1880 1155 1936 inquit,
1211 1886 1326 1919 certe
1376 1877 1493 1930 scio,
1546 1873 1677 1930 atque

102 1935 518 1988 Tzschuelaius,
568 1937 726 1990 „haud
758 1937 888 1977 dubie
921 1937 1117 1993 parvulo,
1152 1935 1320 1991 inquit,
1362 1933 1532 1975 videtur
1563 1930 1675 1972 enim

101 2008 153 2034 ex
192 2008 349 2048 genere
388 2008 531 2034 crasso
578 2009 673 2035 csse
712 2001 753 2034 et
792 1993 1010 2034 11151ἰοοᾸι
1083 1992 1156 2033 Sic
1197 1991 1410 2032 hominem
1453 1987 1677 2030 dimissum

105 2064 190 2089 non
220 2048 363 2089 affecit
393 2063 532 2104 poena
562 2049 668 2090 ulla.
738 2050 974 2106 Postquam
1020 2064 1120 2090 vero
1149 2046 1567 2098 Tzsclnnelaius,
1602 2043 1679 2100 qui

102 2105 282 2146 multum
314 2104 476 2161 diuque
506 2105 776 2147 lucubrasset
807 2114 849 2147 et
877 2105 1142 2162 scripsisset,
1175 2105 1320 2145 subito
1352 2102 1496 2159 coepit
1522 2101 1679 2142 misere

103 2163 197 2218 capi
227 2160 383 2210 oculis,
418 2168 464 2201 ut
494 2161 766 2216 conspiceret
793 2163 989 2203 homines
1018 2161 1193 2217 quidem
1225 2169 1268 2201 et
1300 2166 1568 2215 agnosceret,
1603 2156 1680 2197 5011

102 2218 249 2259 literas
278 2216 321 2258 in
351 2216 474 2258 libris
507 2217 762 2271 dignoscere
802 2219 882 2259 iam
926 2234 1010 2259 non
1047 2217 1151 2259 satis
1183 2225 1360 2273 posset,
1402 2222 1498 2256 ante
1529 2213 1679 2255 oculos

107 2273 231 2330 quasi
274 2274 358 2315 huc
398 2272 502 2314 illuc
535 2273 827 2327 dissilientes,
868 2274 1034 2330 integra
1076 2282 1216 2314 tamen
1258 2271 1400 2313 mente
1444 2269 1681 2327 permansit

105 2337 147 2371 et
178 2329 368 2370 dolorem
400 2328 531 2370 animi
563 2339 770 2385 quantum
809 2338 977 2386 poterat
1021 2329 1304 2386 compescuit.
1385 2328 1486 2382 Quo
1532 2326 1680 2368 dolore

106 2401 364 2442 quamquam
403 2385 555 2427 confici
587 2386 813 2428 videbatur
842 2401 1022 2427 necesse
1053 2401 1175 2437 esse,
1216 2401 1302 2426 non
1343 2391 1410 2426 est
1446 2382 1679 2440 impeditus

106 2450 265 2494 tamen,
298 2441 529 2498 quominus
561 2443 730 2484 scholas
763 2458 862 2484 suas
894 2458 972 2499 per
1002 2443 1180 2498 longum
1211 2441 1337 2483 etiam
1378 2449 1467 2483 tum
1508 2449 1680 2496 tempus

106 2499 298 2551 haberet,
330 2514 443 2549 011111,
480 2513 606 2553 quem
637 2499 873 2555 explicaret
901 2499 1181 2551 Ciceronem,
1226 2499 1484 2555 plerumque
1527 2510 1681 2537 memo-

109 2554 214 2596 riter
243 2560 511 2610 sequeretur.
584 2555 725 2607 Tum,
766 2555 935 2597 tametsi
976 2556 1151 2611 pauculi
1183 2554 1498 2611 discipulorum
1531 2567 1681 2608 eoepe-

107 2619 207 2652 runt
234 2610 527 2666 praeceptoris
558 2612 709 2668 optimi
737 2611 869 2653 altero
901 2613 1033 2668 pede,
1067 2611 1216 2669 paucis
1249 2611 1373 2652 annis
1406 2618 1502 2651 ante
1527 2610 1679 2659 fracto,

112 2665 394 2708 claudicantis
431 2674 472 2706 et
498 2682 633 2722 paene
666 2669 944 2710 caecutientiS
985 2677 1027 2710 et
1056 2668 1109 2709 ad
1136 2684 1203 2709 res
1234 2667 1278 2708 in
1310 2667 1470 2708 scholis
1507 2673 1681 2707 tractan-

114 2723 188 2764 das
219 2721 585 2779 explicandasque
616 2725 768 2767 intenti
799 2725 1126 2780 ingravescente
1166 2724 1359 2781 paullum
1392 2722 1512 2764 senio
1544 2720 1680 2770 abuti,

113 2779 302 2834 perrexit
338 2778 462 2818 etiam
494 2787 536 2819 et
565 2780 730 2822 discere
764 2781 878 2822 domi
919 2790 960 2823 et
999 2797 1146 2823 curare
1178 2781 1462 2831 Strabonem,
1501 2785 1543 2818 et
1585 2776 1680 2816 aliis

115 2836 156 2874 in
190 2834 266 2874 hac
297 2848 342 2873 rc
375 2832 621 2891 discipulis,
654 2843 701 2877 ut
730 2837 1036 2890 Fridemanno,
1066 2845 1107 2878 et
1128 2837 1310 2877 maxime
1340 2842 1441 2891 post
1469 2834 1562 2873 eius
1593 2830 1680 2870 abi-

119 2898 203 2932 lum
248 2904 315 2931 me
353 2904 472 2931 usus·
540 2891 681 2949 Saepe
712 2893 838 2935 etiam
867 2893 995 2936 verba
1032 2893 1218 2937 auctoris
1258 2891 1368 2934 alius
1407 2887 1574 2945 antiqui
1609 2892 1682 2928 aut
