1835 3215
791 122 872 165 155

47 253 126 295 gae
157 254 283 296 quem
315 237 368 279 ad
397 236 493 278 Vos
524 236 737 292 misimus,
770 245 817 280 ut
846 237 991 279 verbis
1022 249 1150 292 quam
1181 239 1329 291 posset
1353 232 1628 275 amicissimis

47 297 155 337 hanc
185 311 360 352 quoquc
390 293 595 336 laetitiam
619 302 810 336 nostram
830 294 970 336 Vobis
996 291 1272 347 significaret.
1333 290 1474 332 Simul
1495 306 1629 347 quum

46 351 270 393 Keilius
309 359 456 393 noster
493 351 593 392 huie
630 351 839 408 epistolae
879 363 1098 408 apponere
1128 347 1335 389 nonnulla
1363 347 1550 388 voluerit
1577 362 1631 388 cx

46 408 257 450 Doctrina
277 407 513 450 Nominum
546 408 827 465 Propriornm
850 407 1112 450 Graecorum
1143 403 1329 446 delibata
1359 419 1488 461 quam
1518 419 1633 445 nunc

47 472 185 522 parat,
217 480 309 506 eam
340 463 618 518 scriptionem
648 465 743 506 loeo
774 473 962 506 tesserae
994 460 1224 518 hospitalis
1252 461 1363 512 Vos,
1406 459 1504 501 Viri
1544 460 1633 501 Hu-

48 521 306 573 manissimi‚
349 521 492 562 animo
533 521 718 578 accipite
763 537 849 578 quo
886 537 966 563 nos
1004 517 1299 561 dedicavimus
1331 516 1543 560 benevolo
1575 523 1634 558 at-

48 593 133 634 que
163 578 317 619 amico.

811 767 896 827 14.

51 876 131 930 Di
148 895 268 930 vac
306 875 522 929 Afrae
552 888 811 948 quartum
836 897 867 930 a
900 877 1086 932 schola
1113 876 1331 931 condita
1353 875 1636 930 sacculum

52 965 140 1019 die
161 963 249 1018 ΙΙΙ.
274 963 380 1018 Jul.
405 962 851 1018 MDCCCXLHI
885 965 1189 1039 auspicanti
1214 966 1302 1040 pie
1334 983 1398 1019 ao
1431 963 1640 1018 sineere

85 1051 386 1126 gratulatur
423 1051 625 1106 Anna
665 1052 1009 1106 decedens
1042 1053 1334 1124 interprete
1369 1049 1638 1106 Christia-

129 1157 200 1192 no
239 1137 476 1194 Henrico
516 1140 765 1195 Schum
784 1159 863 1194 an
881 1159 980 1208 no,
1021 1141 1185 1195 theol.
1211 1139 1363 1194 Doct.
1392 1140 1564 1198 dioec.

251 1230 526 1286 Annaem.
551 1230 674 1303 eph.
700 1241 749 1283 et
775 1240 990 1304 pastore
1014 1229 1230 1283 Annab.
1273 1228 1433 1302 prim.

278 1353 418 1408 Quid
450 1370 564 1396 meas
600 1355 760 1396 circum
792 1354 1018 1395 morientis
1050 1369 1173 1395 aures

280 1410 516 1453 Murmuris
548 1411 712 1452 fertur‘?
743 1410 864 1465 Quid
894 1411 1097 1452 inusitata

281 1466 371 1521 Me,
402 1483 497 1509 meo
530 1467 630 1509 dum
660 1469 849 1509 membra
883 1483 987 1523 paro
1019 1466 1238 1524 sepulcro,

783 1524 906 1566 Voce
938 1524 1121 1580 fatigat?

286 1625 454 1665 Verane
483 1623 699 1677 andimus,
730 1625 880 1666 nitidis
913 1625 1092 1682 Olympi

283 1679 473 1722 Sedibus
502 1680 635 1733 lictis,
669 1683 879 1738 repetisse
911 1689 1045 1723 terras

284 1738 340 1780 Et
370 1737 522 1795 pedem
556 1738 779 1781 Athen-ti
811 1738 1014 1795 posuisse
1045 1738 1089 1779 in
1121 1738 1276 1795 amplis

785 1795 976 1837 Arcibus
1009 1796 1216 1849 Afram,

283 1897 626 1938 Convocaturam
658 1896 712 1938 ad
743 1897 997 1939 celebranda
1030 1897 1141 1938 festa

285 1953 458 1996 Saeculi
490 1953 653 1995 emensi
685 1955 861 1995 iuvenes
896 1954 1115 2010 virosque,

290 2011 380 2064 Qui
412 2026 554 2052 sacras
586 2011 688 2052 olim
724 2011 895 2052 coluere
926 2011 1044 2063 laeti,

790 2067 848 2108 Se
878 2067 1004 2121 duce,
1035 2066 1202 2120 Musas,

287 2170 628 2210 Convocaturam
660 2168 708 2208 ad
742 2169 919 2210 choreas
952 2183 1142 2221 sorores,

289 2226 431 2281 Quae,
462 2224 551 2281 pari
586 2224 671 2278 legi
704 2227 865 2281 patriae
895 2225 1141 2275 audientes,

291 2282 515 2324 Fet-vidam
547 2281 600 2321 ad
633 2282 772 2322 tontes
806 2281 1032 2322 Heliconis
1064 2280 1214 2322 ardent

802 2337 971 2379 Ducere
1002 2337 1192 2394 pubem?

293 2442 362 2483 Me
392 2448 508 2482 tenet
539 2439 750 2494 laugnorg
785 2454 930 2495 pereo,
962 2438 1164 2480 medullis

222 2494 231 2498 ³
294 2497 459 2539 insidet
488 2497 623 2548 virus,
657 2503 941 2552 penetratque
971 2494 1013 2535 in
1046 2504 1191 2549 artus3

293 2555 488 2596 Solvitur
518 2551 679 2605 roburz)
712 2551 894 2594 trahitur
925 2552 1089 2593 minuto

804 2607 992 2665 Spiritus
1026 2625 1114 2650 ore.

296 2712 397 2754 Non
428 2711 598 2763 domus,
630 2709 744 2766 regis
777 2711 975 2753 simulata
1009 2710 1154 2763 tectis,

295 2769 395 2810 Non
425 2767 695 2808 alumnorum
725 2767 864 2824 pietas
893 2768 1023 2821 avita,

298 2825 399 2866 Non
430 2823 651 2878 Quiritum
682 2824 825 2875 ardor,
859 2824 1019 2881 patrias
1052 2824 1291 2865 camoenas

799 2880 901 2922 Rite
933 2880 1167 2935 colentum,
