<?xml version="1.0" encoding="UTF-8"?>
<!DOCTYPE html PUBLIC "-//W3C//DTD XHTML 1.0 Transitional//EN"
    "http://www.w3.org/TR/xhtml1/DTD/xhtml1-transitional.dtd">
<html xmlns="http://www.w3.org/1999/xhtml" xml:lang="en" lang="en">
 <head>
  <title>
</title>
<meta http-equiv="Content-Type" content="text/html;charset=utf-8" />
  <meta name='ocr-system' content='tesseract 3.04.00' />
  <meta name='ocr-capabilities' content='ocr_page ocr_carea ocr_par ocr_line ocrx_word'/>
</head>
<body>
  <div class='ocr_page' id='page_1' title='image "./geschichtederdre00flug_0221.png"; bbox 0 0 1835 3215; ppageno 0'>
   <div class='ocr_carea' id='block_1_1' title="bbox 856 118 939 161">
    <p class='ocr_par' dir='ltr' id='par_1_1' title="bbox 856 118 939 161">
     <span class='ocr_line' id='line_1_1' title="bbox 856 118 939 161; baseline 0 -1"><span class='ocrx_word' id='word_1_1' title='bbox 856 118 939 161; x_wconf 84' lang='lat'><strong>203</strong></span> 
     </span>
    </p>
   </div>
   <div class='ocr_carea' id='block_1_2' title="bbox 104 229 1698 2932">
    <p class='ocr_par' dir='ltr' id='par_1_2' title="bbox 104 229 1698 2932">
     <span class='ocr_line' id='line_1_2' title="bbox 106 229 1677 292; baseline -0.002 -17"><span class='ocrx_word' id='word_1_2' title='bbox 106 234 304 290; x_wconf 87' lang='lat' dir='ltr'><strong>cupiunt,</strong></span> <span class='ocrx_word' id='word_1_3' title='bbox 336 234 427 276; x_wconf 86' lang='lat' dir='ltr'><strong>inre</strong></span> <span class='ocrx_word' id='word_1_4' title='bbox 461 241 638 292; x_wconf 88' lang='lat' dir='ltr'><strong>quaerat</strong></span> <span class='ocrx_word' id='word_1_5' title='bbox 675 232 850 290; x_wconf 84' lang='lat' dir='ltr'><strong>aliquis,</strong></span> <span class='ocrx_word' id='word_1_6' title='bbox 893 246 976 287; x_wconf 87' lang='lat' dir='ltr'><strong>qua</strong></span> <span class='ocrx_word' id='word_1_7' title='bbox 1020 231 1190 273; x_wconf 81' lang='lat' dir='ltr'><strong>tandem</strong></span> <span class='ocrx_word' id='word_1_8' title='bbox 1224 229 1387 271; x_wconf 87' lang='lat' dir='ltr'><strong>ratione</strong></span> <span class='ocrx_word' id='word_1_9' title='bbox 1420 237 1462 271; x_wconf 85' lang='lat' dir='ltr'><strong>et</strong></span> <span class='ocrx_word' id='word_1_10' title='bbox 1492 245 1579 287; x_wconf 84' lang='lat' dir='ltr'><strong>quo</strong></span> <span class='ocrx_word' id='word_1_11' title='bbox 1608 247 1677 286; x_wconf 70' lang='lat' dir='ltr'><strong>ge-</strong></span> 
     </span>
     <span class='ocr_line' id='line_1_3' title="bbox 104 287 1680 345; baseline -0.003 -14"><span class='ocrx_word' id='word_1_12' title='bbox 104 306 206 332; x_wconf 90' lang='lat' dir='ltr'><strong>nere</strong></span> <span class='ocrx_word' id='word_1_13' title='bbox 237 291 408 332; x_wconf 79' lang='lat' dir='ltr'><strong>virtutis</strong></span> <span class='ocrx_word' id='word_1_14' title='bbox 440 291 659 333; x_wconf 79' lang='lat' dir='ltr'><strong>fundatam</strong></span> <span class='ocrx_word' id='word_1_15' title='bbox 689 288 1010 345; x_wconf 86' lang='lat' dir='ltr'><strong>stabilitamqne</strong></span> <span class='ocrx_word' id='word_1_16' title='bbox 1046 287 1357 329; x_wconf 83' lang='lat' dir='ltr'><strong>existimemus.</strong></span> <span class='ocrx_word' id='word_1_17' title='bbox 1420 287 1533 341; x_wconf 78' lang='lat' dir='ltr'><strong>Quis</strong></span> <span class='ocrx_word' id='word_1_18' title='bbox 1566 288 1680 328; x_wconf 90' lang='lat' dir='ltr'><strong>enim</strong></span> 
     </span>
     <span class='ocr_line' id='line_1_4' title="bbox 106 343 1679 400; baseline -0.003 -13"><span class='ocrx_word' id='word_1_19' title='bbox 106 347 267 399; x_wconf 89' lang='lat' dir='ltr'><strong>credat,</strong></span> <span class='ocrx_word' id='word_1_20' title='bbox 300 355 458 389; x_wconf 87' lang='lat' dir='ltr'><strong>temere</strong></span> <span class='ocrx_word' id='word_1_21' title='bbox 488 355 530 389; x_wconf 90' lang='lat' dir='ltr'><strong>et</strong></span> <span class='ocrx_word' id='word_1_22' title='bbox 557 346 803 389; x_wconf 88' lang='lat' dir='ltr'><strong>inconsulto</strong></span> <span class='ocrx_word' id='word_1_23' title='bbox 835 360 912 400; x_wconf 87' lang='lat' dir='ltr'><strong>per</strong></span> <span class='ocrx_word' id='word_1_24' title='bbox 941 344 1100 386; x_wconf 90' lang='lat' dir='ltr'><strong>multos</strong></span> <span class='ocrx_word' id='word_1_25' title='bbox 1134 344 1338 399; x_wconf 81' lang='lat' dir='ltr'>deinceps</span> <span class='ocrx_word' id='word_1_26' title='bbox 1370 358 1506 384; x_wconf 88' lang='lat' dir='ltr'><strong>annos</strong></span> <span class='ocrx_word' id='word_1_27' title='bbox 1537 343 1679 384; x_wconf 88' lang='lat' dir='ltr'><strong>cuius-</strong></span> 
     </span>
     <span class='ocr_line' id='line_1_5' title="bbox 107 399 1682 459; baseline -0.002 -16"><span class='ocrx_word' id='word_1_28' title='bbox 107 419 190 459; x_wconf 87' lang='lat' dir='ltr'><strong>que</strong></span> <span class='ocrx_word' id='word_1_29' title='bbox 223 403 406 458; x_wconf 78' lang='lat' dir='ltr'>ordinis,</span> <span class='ocrx_word' id='word_1_30' title='bbox 447 405 618 457; x_wconf 83' lang='lat' dir='ltr'><strong>aetatis,</strong></span> <span class='ocrx_word' id='word_1_31' title='bbox 660 400 921 444; x_wconf 87' lang='lat' dir='ltr'><strong>conditionis</strong></span> <span class='ocrx_word' id='word_1_32' title='bbox 953 401 1066 442; x_wconf 86' lang='lat' dir='ltr'><strong>viros</strong></span> <span class='ocrx_word' id='word_1_33' title='bbox 1097 401 1212 441; x_wconf 91' lang='lat' dir='ltr'><strong>hunc</strong></span> <span class='ocrx_word' id='word_1_34' title='bbox 1242 399 1354 440; x_wconf 88' lang='lat' dir='ltr'><strong>diem</strong></span> <span class='ocrx_word' id='word_1_35' title='bbox 1385 407 1431 441; x_wconf 91' lang='lat' dir='ltr'><strong>ut</strong></span> <span class='ocrx_word' id='word_1_36' title='bbox 1462 399 1608 440; x_wconf 90' lang='lat' dir='ltr'><strong>videre</strong></span> <span class='ocrx_word' id='word_1_37' title='bbox 1639 407 1682 440; x_wconf 90' lang='lat' dir='ltr'><strong>et</strong></span> 
     </span>
     <span class='ocr_line' id='line_1_6' title="bbox 106 455 1682 512; baseline -0.003 -11"><span class='ocrx_word' id='word_1_38' title='bbox 106 460 377 501; x_wconf 86' lang='lat' dir='ltr'><strong>consalutare</strong></span> <span class='ocrx_word' id='word_1_39' title='bbox 408 460 492 501; x_wconf 90' lang='lat' dir='ltr'><strong>sibi</strong></span> <span class='ocrx_word' id='word_1_40' title='bbox 522 460 688 512; x_wconf 87' lang='lat' dir='ltr'><strong>liceret,</strong></span> <span class='ocrx_word' id='word_1_41' title='bbox 734 473 900 500; x_wconf 91' lang='lat' dir='ltr'><strong>summo</strong></span> <span class='ocrx_word' id='word_1_42' title='bbox 942 457 1159 498; x_wconf 85' lang='lat' dir='ltr'><strong>desiderio</strong></span> <span class='ocrx_word' id='word_1_43' title='bbox 1200 463 1448 512; x_wconf 81' lang='lat' dir='ltr'><strong>exoptasse,</strong></span> <span class='ocrx_word' id='word_1_44' title='bbox 1490 463 1533 496; x_wconf 91' lang='lat' dir='ltr'><strong>et</strong></span> <span class='ocrx_word' id='word_1_45' title='bbox 1571 455 1682 496; x_wconf 91' lang='lat' dir='ltr'><strong>inter</strong></span> 
     </span>
     <span class='ocr_line' id='line_1_7' title="bbox 105 511 1680 573; baseline -0.003 -17"><span class='ocrx_word' id='word_1_46' title='bbox 105 515 292 573; x_wconf 87' lang='lat' dir='ltr'><strong>plurima</strong></span> <span class='ocrx_word' id='word_1_47' title='bbox 332 524 373 558; x_wconf 91' lang='lat' dir='ltr'><strong>et</strong></span> <span class='ocrx_word' id='word_1_48' title='bbox 410 516 704 557; x_wconf 89' lang='lat' dir='ltr'><strong>diversissima</strong></span> <span class='ocrx_word' id='word_1_49' title='bbox 751 514 923 569; x_wconf 77' lang='lat' dir='ltr'><strong>negotia</strong></span> <span class='ocrx_word' id='word_1_50' title='bbox 965 514 1074 555; x_wconf 88' lang='lat' dir='ltr'><strong>vitae</strong></span> <span class='ocrx_word' id='word_1_51' title='bbox 1131 513 1321 570; x_wconf 86' lang='lat' dir='ltr'><strong>privatae</strong></span> <span class='ocrx_word' id='word_1_52' title='bbox 1373 519 1414 553; x_wconf 91' lang='lat' dir='ltr'><strong>et</strong></span> <span class='ocrx_word' id='word_1_53' title='bbox 1463 511 1680 568; x_wconf 86' lang='lat' dir='ltr'><strong>publicae,</strong></span> 
     </span>
     <span class='ocr_line' id='line_1_8' title="bbox 107 568 1680 629; baseline -0.003 -16"><span class='ocrx_word' id='word_1_54' title='bbox 107 587 217 629; x_wconf 88' lang='lat' dir='ltr'><strong>quae</strong></span> <span class='ocrx_word' id='word_1_55' title='bbox 246 579 396 613; x_wconf 90' lang='lat' dir='ltr'><strong>nostro</strong></span> <span class='ocrx_word' id='word_1_56' title='bbox 428 580 620 626; x_wconf 88' lang='lat' dir='ltr'><strong>tempore</strong></span> <span class='ocrx_word' id='word_1_57' title='bbox 653 586 846 613; x_wconf 88' lang='lat' dir='ltr'><strong>crescere</strong></span> <span class='ocrx_word' id='word_1_58' title='bbox 878 571 920 610; x_wconf 91' lang='lat' dir='ltr'><strong>in</strong></span> <span class='ocrx_word' id='word_1_59' title='bbox 954 570 1065 611; x_wconf 86' lang='lat' dir='ltr'><strong>diem</strong></span> <span class='ocrx_word' id='word_1_60' title='bbox 1098 577 1140 611; x_wconf 91' lang='lat' dir='ltr'><strong>et</strong></span> <span class='ocrx_word' id='word_1_61' title='bbox 1169 568 1332 624; x_wconf 68' lang='lat' dir='ltr'><strong>largius</strong></span> <span class='ocrx_word' id='word_1_62' title='bbox 1354 571 1523 609; x_wconf 84' lang='lat' dir='ltr'><strong>affluere</strong></span> <span class='ocrx_word' id='word_1_63' title='bbox 1554 584 1680 609; x_wconf 88' lang='lat' dir='ltr'><strong>nemo</strong></span> 
     </span>
     <span class='ocr_line' id='line_1_9' title="bbox 107 624 1683 685; baseline -0.003 -16"><span class='ocrx_word' id='word_1_64' title='bbox 107 628 302 684; x_wconf 79' lang='lat' dir='ltr'>ignorat,</span> <span class='ocrx_word' id='word_1_65' title='bbox 353 628 561 685; x_wconf 86' lang='lat' dir='ltr'><strong>quiequid</strong></span> <span class='ocrx_word' id='word_1_66' title='bbox 602 629 679 669; x_wconf 90' lang='lat' dir='ltr'><strong>otii</strong></span> <span class='ocrx_word' id='word_1_67' title='bbox 721 642 951 682; x_wconf 77' lang='lat' dir='ltr'><strong>superesse</strong></span> <span class='ocrx_word' id='word_1_68' title='bbox 998 627 1244 677; x_wconf 86' lang='lat' dir='ltr'><strong>videretur,</strong></span> <span class='ocrx_word' id='word_1_69' title='bbox 1296 624 1603 681; x_wconf 78' lang='lat' dir='ltr'><strong>praeparandis</strong></span> <span class='ocrx_word' id='word_1_70' title='bbox 1642 632 1683 665; x_wconf 88' lang='lat' dir='ltr'><strong>ct</strong></span> 
     </span>
     <span class='ocr_line' id='line_1_10' title="bbox 107 680 1683 741; baseline -0.003 -16"><span class='ocrx_word' id='word_1_71' title='bbox 107 683 371 726; x_wconf 79' lang='lat' dir='ltr'><strong>instruendis</strong></span> <span class='ocrx_word' id='word_1_72' title='bbox 404 700 513 741; x_wconf 86' lang='lat' dir='ltr'><strong>quae</strong></span> <span class='ocrx_word' id='word_1_73' title='bbox 545 684 598 725; x_wconf 86' lang='lat' dir='ltr'><strong>ad</strong></span> <span class='ocrx_word' id='word_1_74' title='bbox 628 685 834 724; x_wconf 80' lang='lat' dir='ltr'><strong>honorem</strong></span> <span class='ocrx_word' id='word_1_75' title='bbox 868 683 953 722; x_wconf 88' lang='lat' dir='ltr'><strong>dici</strong></span> <span class='ocrx_word' id='word_1_76' title='bbox 987 683 1269 738; x_wconf 75' lang='lat' dir='ltr'><strong>pertinerent,</strong></span> <span class='ocrx_word' id='word_1_77' title='bbox 1316 697 1571 737; x_wconf 83' lang='lat' dir='ltr'><strong>occupasse,</strong></span> <span class='ocrx_word' id='word_1_78' title='bbox 1615 680 1683 721; x_wconf 91' lang='lat' dir='ltr'><strong>de-</strong></span> 
     </span>
     <span class='ocr_line' id='line_1_11' title="bbox 107 737 1683 797; baseline -0.003 -16"><span class='ocrx_word' id='word_1_79' title='bbox 107 741 239 797; x_wconf 88' lang='lat' dir='ltr'><strong>nique</strong></span> <span class='ocrx_word' id='word_1_80' title='bbox 270 755 322 781; x_wconf 84' lang='lat' dir='ltr'><strong>ex</strong></span> <span class='ocrx_word' id='word_1_81' title='bbox 353 740 554 781; x_wconf 85' lang='lat' dir='ltr'><strong>omnibns</strong></span> <span class='ocrx_word' id='word_1_82' title='bbox 586 740 820 796; x_wconf 89' lang='lat' dir='ltr'><strong>provinciis</strong></span> <span class='ocrx_word' id='word_1_83' title='bbox 853 739 1015 794; x_wconf 79' lang='lat' dir='ltr'><strong>patriae</strong></span> <span class='ocrx_word' id='word_1_84' title='bbox 1047 746 1217 778; x_wconf 88' lang='lat' dir='ltr'><strong>nostrae</strong></span> <span class='ocrx_word' id='word_1_85' title='bbox 1248 744 1376 793; x_wconf 86' lang='lat' dir='ltr'><strong>atque</strong></span> <span class='ocrx_word' id='word_1_86' title='bbox 1401 737 1527 778; x_wconf 89' lang='lat' dir='ltr'><strong>etiam</strong></span> <span class='ocrx_word' id='word_1_87' title='bbox 1549 752 1570 778; x_wconf 89' lang='lat' dir='ltr'><strong>c</strong></span> <span class='ocrx_word' id='word_1_88' title='bbox 1593 737 1683 778; x_wconf 91' lang='lat' dir='ltr'><strong>lon-</strong></span> 
     </span>
     <span class='ocr_line' id='line_1_12' title="bbox 105 793 1685 853; baseline -0.003 -16"><span class='ocrx_word' id='word_1_89' title='bbox 105 796 280 853; x_wconf 74' lang='lat' dir='ltr'><strong>ginquis</strong></span> <span class='ocrx_word' id='word_1_90' title='bbox 320 797 573 852; x_wconf 71' lang='lat' dir='ltr'><strong>regionibns</strong></span> <span class='ocrx_word' id='word_1_91' title='bbox 624 810 887 837; x_wconf 81' lang='lat' dir='ltr'><strong>commeasse</strong></span> <span class='ocrx_word' id='word_1_92' title='bbox 935 810 1061 835; x_wconf 91' lang='lat' dir='ltr'><strong>senes</strong></span> <span class='ocrx_word' id='word_1_93' title='bbox 1104 794 1371 849; x_wconf 84' lang='lat' dir='ltr'><strong>iuvenesque</strong></span> <span class='ocrx_word' id='word_1_94' title='bbox 1411 801 1454 834; x_wconf 87' lang='lat' dir='ltr'><strong>et</strong></span> <span class='ocrx_word' id='word_1_95' title='bbox 1491 793 1685 835; x_wconf 80' lang='lat' dir='ltr'><strong>certatim</strong></span> 
     </span>
     <span class='ocr_line' id='line_1_13' title="bbox 108 850 1686 908; baseline -0.003 -15"><span class='ocrx_word' id='word_1_96' title='bbox 108 854 148 893; x_wconf 90' lang='lat' dir='ltr'><strong>in</strong></span> <span class='ocrx_word' id='word_1_97' title='bbox 180 853 293 893; x_wconf 90' lang='lat' dir='ltr'><strong>hune</strong></span> <span class='ocrx_word' id='word_1_98' title='bbox 323 853 465 893; x_wconf 90' lang='lat' dir='ltr'><strong>locum</strong></span> <span class='ocrx_word' id='word_1_99' title='bbox 498 861 699 908; x_wconf 87' lang='lat' dir='ltr'><strong>tanquam</strong></span> <span class='ocrx_word' id='word_1_100' title='bbox 733 852 774 891; x_wconf 92' lang='lat' dir='ltr'><strong>in</strong></span> <span class='ocrx_word' id='word_1_101' title='bbox 817 850 1060 890; x_wconf 87' lang='lat' dir='ltr'><strong>eommunia</strong></span> <span class='ocrx_word' id='word_1_102' title='bbox 1100 857 1237 890; x_wconf 88' lang='lat' dir='ltr'><strong>castra</strong></span> <span class='ocrx_word' id='word_1_103' title='bbox 1274 850 1564 890; x_wconf 69' lang='lat' dir='ltr'><strong>convenisse?</strong></span> <span class='ocrx_word' id='word_1_104' title='bbox 1624 852 1686 889; x_wconf 84' lang='lat' dir='ltr'><strong>At</strong></span> 
     </span>
     <span class='ocr_line' id='line_1_14' title="bbox 106 905 1684 964; baseline -0.003 -14"><span class='ocrx_word' id='word_1_105' title='bbox 106 909 171 950; x_wconf 87' lang='lat' dir='ltr'><strong>illi</strong></span> <span class='ocrx_word' id='word_1_106' title='bbox 211 923 295 949; x_wconf 90' lang='lat' dir='ltr'><strong>non</strong></span> <span class='ocrx_word' id='word_1_107' title='bbox 345 925 503 949; x_wconf 87' lang='lat' dir='ltr'><strong>novum</strong></span> <span class='ocrx_word' id='word_1_108' title='bbox 545 908 721 964; x_wconf 83' lang='lat' dir='ltr'><strong>aliquod</strong></span> <span class='ocrx_word' id='word_1_109' title='bbox 771 907 1063 963; x_wconf 77' lang='lat' dir='ltr'><strong>spectaculum</strong></span> <span class='ocrx_word' id='word_1_110' title='bbox 1115 905 1409 961; x_wconf 79' lang='lat' dir='ltr'><strong>expetierunt,</strong></span> <span class='ocrx_word' id='word_1_111' title='bbox 1461 907 1584 947; x_wconf 87' lang='lat' dir='ltr'><strong>cuius</strong></span> <span class='ocrx_word' id='word_1_112' title='bbox 1623 906 1684 946; x_wconf 91' lang='lat' dir='ltr'><strong>rei</strong></span> 
     </span>
     <span class='ocr_line' id='line_1_15' title="bbox 108 961 1685 1020; baseline -0.003 -14"><span class='ocrx_word' id='word_1_113' title='bbox 108 981 161 1020; x_wconf 88' lang='lat' dir='ltr'><strong>op</strong></span> <span class='ocrx_word' id='word_1_114' title='bbox 199 964 408 1006; x_wconf 89' lang='lat' dir='ltr'><strong>ortunitas</strong></span> <span class='ocrx_word' id='word_1_115' title='bbox 443 964 569 1006; x_wconf 88' lang='lat' dir='ltr'><strong>hodie</strong></span> <span class='ocrx_word' id='word_1_116' title='bbox 602 965 722 1004; x_wconf 87' lang='lat' dir='ltr'><strong>nullo</strong></span> <span class='ocrx_word' id='word_1_117' title='bbox 756 963 798 1003; x_wconf 88' lang='lat' dir='ltr'><strong>iu</strong></span> <span class='ocrx_word' id='word_1_118' title='bbox 831 962 926 1003; x_wconf 88' lang='lat' dir='ltr'><strong>loco</strong></span> <span class='ocrx_word' id='word_1_119' title='bbox 960 962 1098 1015; x_wconf 80' lang='lat' dir='ltr'><strong>deest,</strong></span> <span class='ocrx_word' id='word_1_120' title='bbox 1131 962 1290 1002; x_wconf 83' lang='lat' dir='ltr'><strong>nedum</strong></span> <span class='ocrx_word' id='word_1_121' title='bbox 1324 961 1364 1001; x_wconf 90' lang='lat' dir='ltr'><strong>in</strong></span> <span class='ocrx_word' id='word_1_122' title='bbox 1398 970 1512 1002; x_wconf 86' lang='lat' dir='ltr'><strong>tanta</strong></span> <span class='ocrx_word' id='word_1_123' title='bbox 1544 961 1685 1018; x_wconf 91' lang='lat' dir='ltr'><strong>splen-</strong></span> 
     </span>
     <span class='ocr_line' id='line_1_16' title="bbox 110 1018 1687 1075; baseline -0.003 -13"><span class='ocrx_word' id='word_1_124' title='bbox 110 1021 153 1062; x_wconf 91' lang='lat' dir='ltr'><strong>di</strong></span> <span class='ocrx_word' id='word_1_125' title='bbox 189 1021 361 1062; x_wconf 84' lang='lat' dir='ltr'><strong>issimae</strong></span> <span class='ocrx_word' id='word_1_126' title='bbox 393 1021 510 1062; x_wconf 86' lang='lat' dir='ltr'><strong>urbis</strong></span> <span class='ocrx_word' id='word_1_127' title='bbox 541 1020 780 1072; x_wconf 88' lang='lat' dir='ltr'><strong>vicinitate,</strong></span> <span class='ocrx_word' id='word_1_128' title='bbox 813 1034 955 1075; x_wconf 88' lang='lat' dir='ltr'><strong>neque</strong></span> <span class='ocrx_word' id='word_1_129' title='bbox 988 1019 1078 1059; x_wconf 84' lang='lat' dir='ltr'><strong>fore</strong></span> <span class='ocrx_word' id='word_1_130' title='bbox 1111 1026 1354 1074; x_wconf 83' lang='lat' dir='ltr'><strong>sperarunt,</strong></span> <span class='ocrx_word' id='word_1_131' title='bbox 1385 1026 1430 1058; x_wconf 84' lang='lat' dir='ltr'><strong>nt</strong></span> <span class='ocrx_word' id='word_1_132' title='bbox 1461 1018 1687 1059; x_wconf 85' lang='lat' dir='ltr'><strong>ambitiosa</strong></span> 
     </span>
     <span class='ocr_line' id='line_1_17' title="bbox 109 1074 1688 1134; baseline -0.003 -16"><span class='ocrx_word' id='word_1_133' title='bbox 109 1078 272 1132; x_wconf 70' lang='lat' dir='ltr'><strong>gloriae</strong></span> <span class='ocrx_word' id='word_1_134' title='bbox 304 1077 533 1134; x_wconf 79' lang='lat' dir='ltr'><strong>laudisque</strong></span> <span class='ocrx_word' id='word_1_135' title='bbox 564 1077 796 1118; x_wconf 86' lang='lat' dir='ltr'><strong>certamina</strong></span> <span class='ocrx_word' id='word_1_136' title='bbox 830 1075 1114 1116; x_wconf 81' lang='lat' dir='ltr'><strong>instituantur</strong></span> <span class='ocrx_word' id='word_1_137' title='bbox 1145 1082 1186 1114; x_wconf 91' lang='lat' dir='ltr'><strong>et</strong></span> <span class='ocrx_word' id='word_1_138' title='bbox 1208 1074 1444 1115; x_wconf 90' lang='lat' dir='ltr'><strong>victoribus</strong></span> <span class='ocrx_word' id='word_1_139' title='bbox 1468 1074 1688 1115; x_wconf 79' lang='lat' dir='ltr'><strong>luculenta</strong></span> 
     </span>
     <span class='ocr_line' id='line_1_18' title="bbox 109 1130 1686 1190; baseline -0.003 -16"><span class='ocrx_word' id='word_1_140' title='bbox 109 1133 295 1188; x_wconf 88' lang='lat' dir='ltr'><strong>praemia</strong></span> <span class='ocrx_word' id='word_1_141' title='bbox 325 1134 387 1175; x_wconf 86' lang='lat' dir='ltr'><strong>rei</strong></span> <span class='ocrx_word' id='word_1_142' title='bbox 421 1134 528 1174; x_wconf 89' lang='lat' dir='ltr'><strong>hene</strong></span> <span class='ocrx_word' id='word_1_143' title='bbox 561 1142 708 1190; x_wconf 75' lang='lat' dir='ltr'><strong>gestae</strong></span> <span class='ocrx_word' id='word_1_144' title='bbox 741 1139 1066 1189; x_wconf 69' lang='lat' dir='ltr'><strong>proponantur,</strong></span> <span class='ocrx_word' id='word_1_145' title='bbox 1100 1131 1175 1171; x_wconf 89' lang='lat' dir='ltr'><strong>scd</strong></span> <span class='ocrx_word' id='word_1_146' title='bbox 1206 1139 1253 1171; x_wconf 88' lang='lat' dir='ltr'><strong>ut</strong></span> <span class='ocrx_word' id='word_1_147' title='bbox 1284 1130 1454 1183; x_wconf 85' lang='lat' dir='ltr'><strong>Graeci,</strong></span> <span class='ocrx_word' id='word_1_148' title='bbox 1495 1131 1686 1187; x_wconf 88' lang='lat' dir='ltr'><strong>alioquin</strong></span> 
     </span>
     <span class='ocr_line' id='line_1_19' title="bbox 110 1186 1689 1245; baseline -0.003 -14"><span class='ocrx_word' id='word_1_149' title='bbox 110 1189 419 1231; x_wconf 84' lang='lat' dir='ltr'><strong>studiosissimi</strong></span> <span class='ocrx_word' id='word_1_150' title='bbox 451 1190 795 1245; x_wconf 81' lang='lat' dir='ltr'><strong>spectaculorum</strong></span> <span class='ocrx_word' id='word_1_151' title='bbox 831 1190 1144 1244; x_wconf 88' lang='lat' dir='ltr'><strong>honorumque,</strong></span> <span class='ocrx_word' id='word_1_152' title='bbox 1178 1187 1253 1243; x_wconf 87' lang='lat' dir='ltr'><strong>qui</strong></span> <span class='ocrx_word' id='word_1_153' title='bbox 1286 1186 1568 1228; x_wconf 80' lang='lat' dir='ltr'><strong>validissimis</strong></span> <span class='ocrx_word' id='word_1_154' title='bbox 1599 1203 1689 1228; x_wconf 90' lang='lat' dir='ltr'><strong>cor-</strong></span> 
     </span>
     <span class='ocr_line' id='line_1_20' title="bbox 111 1242 1688 1302; baseline -0.003 -15"><span class='ocrx_word' id='word_1_155' title='bbox 111 1246 289 1302; x_wconf 86' lang='lat' dir='ltr'><strong>poribus</strong></span> <span class='ocrx_word' id='word_1_156' title='bbox 329 1254 372 1287; x_wconf 89' lang='lat' dir='ltr'><strong>et</strong></span> <span class='ocrx_word' id='word_1_157' title='bbox 412 1246 698 1288; x_wconf 85' lang='lat' dir='ltr'><strong>ornatissimis</strong></span> <span class='ocrx_word' id='word_1_158' title='bbox 746 1244 937 1299; x_wconf 74' lang='lat' dir='ltr'><strong>ingeniis</strong></span> <span class='ocrx_word' id='word_1_159' title='bbox 977 1243 1325 1299; x_wconf 74' lang='lat' dir='ltr'><strong>impertirentur,</strong></span> <span class='ocrx_word' id='word_1_160' title='bbox 1373 1242 1418 1283; x_wconf 88' lang='lat' dir='ltr'><strong>in</strong></span> <span class='ocrx_word' id='word_1_161' title='bbox 1457 1243 1572 1284; x_wconf 91' lang='lat' dir='ltr'><strong>ludis</strong></span> <span class='ocrx_word' id='word_1_162' title='bbox 1612 1259 1688 1299; x_wconf 86' lang='lat' dir='ltr'><strong>pu-</strong></span> 
     </span>
     <span class='ocr_line' id='line_1_21' title="bbox 112 1298 1691 1358; baseline -0.003 -15"><span class='ocrx_word' id='word_1_163' title='bbox 112 1302 239 1343; x_wconf 88' lang='lat' dir='ltr'><strong>blicis</strong></span> <span class='ocrx_word' id='word_1_164' title='bbox 294 1317 380 1342; x_wconf 92' lang='lat' dir='ltr'><strong>nou</strong></span> <span class='ocrx_word' id='word_1_165' title='bbox 434 1302 561 1343; x_wconf 91' lang='lat' dir='ltr'><strong>modo</strong></span> <span class='ocrx_word' id='word_1_166' title='bbox 614 1308 845 1358; x_wconf 87' lang='lat' dir='ltr'><strong>apparatus</strong></span> <span class='ocrx_word' id='word_1_167' title='bbox 894 1316 914 1340; x_wconf 89' lang='lat' dir='ltr'><strong>s</strong></span> <span class='ocrx_word' id='word_1_168' title='bbox 950 1300 1171 1340; x_wconf 89' lang='lat' dir='ltr'><strong>lendorem</strong></span> <span class='ocrx_word' id='word_1_169' title='bbox 1222 1306 1264 1339; x_wconf 91' lang='lat' dir='ltr'><strong>ct</strong></span> <span class='ocrx_word' id='word_1_170' title='bbox 1302 1298 1444 1339; x_wconf 90' lang='lat' dir='ltr'><strong>laudis</strong></span> <span class='ocrx_word' id='word_1_171' title='bbox 1495 1300 1691 1354; x_wconf 79' lang='lat' dir='ltr'><strong>gnaviter</strong></span> 
     </span>
     <span class='ocr_line' id='line_1_22' title="bbox 113 1315 1689 1414; baseline -0.003 -15"><span class='ocrx_word' id='word_1_172' title='bbox 113 1366 382 1414; x_wconf 81' lang='lat' dir='ltr'><strong>comparatae</strong></span> <span class='ocrx_word' id='word_1_173' title='bbox 413 1357 723 1399; x_wconf 88' lang='lat' dir='ltr'><strong>iucunditatem</strong></span> <span class='ocrx_word' id='word_1_174' title='bbox 762 1315 1042 1413; x_wconf 56' lang='lat' dir='ltr'><strong>quaerebant,</strong></span> <span class='ocrx_word' id='word_1_175' title='bbox 1086 1355 1278 1396; x_wconf 90' lang='lat' dir='ltr'><strong>seduno</strong></span> <span class='ocrx_word' id='word_1_176' title='bbox 1322 1354 1547 1396; x_wconf 86' lang='lat' dir='ltr'><strong>universae</strong></span> <span class='ocrx_word' id='word_1_177' title='bbox 1588 1370 1689 1411; x_wconf 78' lang='lat' dir='ltr'><strong>gen-</strong></span> 
     </span>
     <span class='ocr_line' id='line_1_23' title="bbox 113 1411 1690 1470; baseline -0.003 -15"><span class='ocrx_word' id='word_1_178' title='bbox 113 1415 168 1456; x_wconf 90' lang='lat' dir='ltr'><strong>tis</strong></span> <span class='ocrx_word' id='word_1_179' title='bbox 214 1414 444 1470; x_wconf 82' lang='lat' dir='ltr'><strong>complexu</strong></span> <span class='ocrx_word' id='word_1_180' title='bbox 487 1414 619 1455; x_wconf 90' lang='lat' dir='ltr'><strong>artius</strong></span> <span class='ocrx_word' id='word_1_181' title='bbox 663 1429 708 1454; x_wconf 88' lang='lat' dir='ltr'><strong>sc</strong></span> <span class='ocrx_word' id='word_1_182' title='bbox 742 1413 1014 1454; x_wconf 88' lang='lat' dir='ltr'><strong>consociatos</strong></span> <span class='ocrx_word' id='word_1_183' title='bbox 1048 1411 1295 1452; x_wconf 85' lang='lat' dir='ltr'><strong>sentiebant</strong></span> <span class='ocrx_word' id='word_1_184' title='bbox 1331 1419 1373 1452; x_wconf 87' lang='lat' dir='ltr'><strong>et</strong></span> <span class='ocrx_word' id='word_1_185' title='bbox 1417 1411 1690 1452; x_wconf 86' lang='lat' dir='ltr'><strong>sanctissima</strong></span> 
     </span>
     <span class='ocr_line' id='line_1_24' title="bbox 112 1467 1690 1527; baseline -0.003 -15"><span class='ocrx_word' id='word_1_186' title='bbox 112 1470 324 1527; x_wconf 77' lang='lat' dir='ltr'><strong>religione</strong></span> <span class='ocrx_word' id='word_1_187' title='bbox 376 1470 562 1512; x_wconf 90' lang='lat' dir='ltr'><strong>divinam</strong></span> <span class='ocrx_word' id='word_1_188' title='bbox 604 1469 792 1526; x_wconf 90' lang='lat' dir='ltr'><strong>aliquam</strong></span> <span class='ocrx_word' id='word_1_189' title='bbox 832 1469 1032 1510; x_wconf 87' lang='lat' dir='ltr'><strong>virtutem</strong></span> <span class='ocrx_word' id='word_1_190' title='bbox 1071 1467 1141 1509; x_wconf 75' lang='lat' dir='ltr'><strong>vel</strong></span> <span class='ocrx_word' id='word_1_191' title='bbox 1180 1467 1444 1524; x_wconf 74' lang='lat' dir='ltr'><strong>singularem</strong></span> <span class='ocrx_word' id='word_1_192' title='bbox 1476 1467 1690 1508; x_wconf 83' lang='lat' dir='ltr'><strong>fortitudi-</strong></span> 
     </span>
     <span class='ocr_line' id='line_1_25' title="bbox 115 1523 1690 1582; baseline -0.003 -14"><span class='ocrx_word' id='word_1_193' title='bbox 115 1543 212 1568; x_wconf 88' lang='lat' dir='ltr'><strong>nem</strong></span> <span class='ocrx_word' id='word_1_194' title='bbox 257 1526 500 1568; x_wconf 88' lang='lat' dir='ltr'><strong>eoniunctis</strong></span> <span class='ocrx_word' id='word_1_195' title='bbox 540 1525 743 1582; x_wconf 88' lang='lat' dir='ltr'><strong>precibus</strong></span> <span class='ocrx_word' id='word_1_196' title='bbox 788 1525 990 1581; x_wconf 84' lang='lat' dir='ltr'><strong>votisque</strong></span> <span class='ocrx_word' id='word_1_197' title='bbox 1030 1524 1371 1576; x_wconf 83' lang='lat' dir='ltr'><strong>venerabantur,</strong></span> <span class='ocrx_word' id='word_1_198' title='bbox 1415 1538 1526 1579; x_wconf 90' lang='lat' dir='ltr'><strong>quae</strong></span> <span class='ocrx_word' id='word_1_199' title='bbox 1562 1523 1690 1565; x_wconf 87' lang='lat' dir='ltr'><strong>talem</strong></span> 
     </span>
     <span class='ocr_line' id='line_1_26' title="bbox 112 1579 1692 1640; baseline -0.003 -16"><span class='ocrx_word' id='word_1_200' title='bbox 112 1583 292 1640; x_wconf 87' lang='lat' dir='ltr'><strong>patriam</strong></span> <span class='ocrx_word' id='word_1_201' title='bbox 343 1583 543 1624; x_wconf 85' lang='lat' dir='ltr'><strong>omnibus</strong></span> <span class='ocrx_word' id='word_1_202' title='bbox 581 1582 857 1637; x_wconf 75' lang='lat' dir='ltr'><strong>singulisque</strong></span> <span class='ocrx_word' id='word_1_203' title='bbox 903 1587 1196 1636; x_wconf 83' lang='lat' dir='ltr'><strong>comparasset</strong></span> <span class='ocrx_word' id='word_1_204' title='bbox 1245 1588 1373 1636; x_wconf 86' lang='lat' dir='ltr'><strong>atque</strong></span> <span class='ocrx_word' id='word_1_205' title='bbox 1414 1580 1542 1620; x_wconf 89' lang='lat' dir='ltr'><strong>etiam</strong></span> <span class='ocrx_word' id='word_1_206' title='bbox 1581 1579 1692 1621; x_wconf 89' lang='lat' dir='ltr'><strong>inter</strong></span> 
     </span>
     <span class='ocr_line' id='line_1_27' title="bbox 114 1635 1692 1692; baseline -0.002 -12"><span class='ocrx_word' id='word_1_207' title='bbox 114 1640 268 1681; x_wconf 84' lang='lat' dir='ltr'><strong>multas</strong></span> <span class='ocrx_word' id='word_1_208' title='bbox 311 1639 610 1679; x_wconf 87' lang='lat' dir='ltr'><strong>contentiones</strong></span> <span class='ocrx_word' id='word_1_209' title='bbox 647 1646 689 1679; x_wconf 92' lang='lat' dir='ltr'><strong>et</strong></span> <span class='ocrx_word' id='word_1_210' title='bbox 725 1637 874 1679; x_wconf 89' lang='lat' dir='ltr'><strong>crebra</strong></span> <span class='ocrx_word' id='word_1_211' title='bbox 911 1636 1092 1677; x_wconf 89' lang='lat' dir='ltr'><strong>dissidia</strong></span> <span class='ocrx_word' id='word_1_212' title='bbox 1133 1643 1449 1688; x_wconf 87' lang='lat' dir='ltr'><strong>conservasset,</strong></span> <span class='ocrx_word' id='word_1_213' title='bbox 1481 1635 1539 1676; x_wconf 86' lang='lat' dir='ltr'><strong>ita</strong></span> <span class='ocrx_word' id='word_1_214' title='bbox 1571 1643 1692 1692; x_wconf 89' lang='lat' dir='ltr'><strong>quot·</strong></span> 
     </span>
     <span class='ocr_line' id='line_1_28' title="bbox 114 1691 1692 1753; baseline -0.002 -18"><span class='ocrx_word' id='word_1_215' title='bbox 114 1703 219 1753; x_wconf 88' lang='lat' dir='ltr'><strong>quot</strong></span> <span class='ocrx_word' id='word_1_216' title='bbox 249 1696 331 1736; x_wconf 91' lang='lat' dir='ltr'><strong>huc</strong></span> <span class='ocrx_word' id='word_1_217' title='bbox 361 1694 567 1747; x_wconf 90' lang='lat' dir='ltr'><strong>venistis,</strong></span> <span class='ocrx_word' id='word_1_218' title='bbox 610 1710 693 1735; x_wconf 92' lang='lat' dir='ltr'><strong>una</strong></span> <span class='ocrx_word' id='word_1_219' title='bbox 729 1693 913 1751; x_wconf 89' lang='lat' dir='ltr'><strong>pietate,</strong></span> <span class='ocrx_word' id='word_1_220' title='bbox 944 1708 1027 1733; x_wconf 89' lang='lat' dir='ltr'><strong>una</strong></span> <span class='ocrx_word' id='word_1_221' title='bbox 1057 1691 1267 1733; x_wconf 87' lang='lat' dir='ltr'><strong>maiorum</strong></span> <span class='ocrx_word' id='word_1_222' title='bbox 1299 1699 1545 1733; x_wconf 89' lang='lat' dir='ltr'><strong>nostrorum</strong></span> <span class='ocrx_word' id='word_1_223' title='bbox 1578 1707 1692 1732; x_wconf 90' lang='lat' dir='ltr'><strong>vere-</strong></span> 
     </span>
     <span class='ocr_line' id='line_1_29' title="bbox 114 1748 1693 1807; baseline -0.004 -13"><span class='ocrx_word' id='word_1_224' title='bbox 114 1752 295 1803; x_wconf 87' lang='lat' dir='ltr'><strong>cundia,</strong></span> <span class='ocrx_word' id='word_1_225' title='bbox 334 1767 417 1792; x_wconf 88' lang='lat' dir='ltr'><strong>una</strong></span> <span class='ocrx_word' id='word_1_226' title='bbox 458 1751 671 1807; x_wconf 90' lang='lat' dir='ltr'><strong>cuiusque</strong></span> <span class='ocrx_word' id='word_1_227' title='bbox 708 1750 818 1790; x_wconf 91' lang='lat' dir='ltr'><strong>bene</strong></span> <span class='ocrx_word' id='word_1_228' title='bbox 849 1748 1075 1806; x_wconf 87' lang='lat' dir='ltr'><strong>promeriti</strong></span> <span class='ocrx_word' id='word_1_229' title='bbox 1104 1748 1268 1789; x_wconf 88' lang='lat' dir='ltr'><strong>laboris</strong></span> <span class='ocrx_word' id='word_1_230' title='bbox 1301 1748 1583 1789; x_wconf 84' lang='lat' dir='ltr'><strong>admiratione</strong></span> <span class='ocrx_word' id='word_1_231' title='bbox 1625 1763 1693 1788; x_wconf 86' lang='lat' dir='ltr'><strong>ex-</strong></span> 
     </span>
     <span class='ocr_line' id='line_1_30' title="bbox 114 1803 1692 1864; baseline -0.004 -14"><span class='ocrx_word' id='word_1_232' title='bbox 114 1809 232 1850; x_wconf 89' lang='lat' dir='ltr'><strong>citati</strong></span> <span class='ocrx_word' id='word_1_233' title='bbox 263 1808 575 1864; x_wconf 84' lang='lat' dir='ltr'><strong>convocatique</strong></span> <span class='ocrx_word' id='word_1_234' title='bbox 614 1807 667 1847; x_wconf 90' lang='lat' dir='ltr'><strong>ad</strong></span> <span class='ocrx_word' id='word_1_235' title='bbox 709 1806 941 1861; x_wconf 77' lang='lat' dir='ltr'><strong>benignam</strong></span> <span class='ocrx_word' id='word_1_236' title='bbox 982 1805 1173 1846; x_wconf 89' lang='lat' dir='ltr'><strong>omnium</strong></span> <span class='ocrx_word' id='word_1_237' title='bbox 1220 1812 1396 1846; x_wconf 88' lang='lat' dir='ltr'><strong>matrem</strong></span> <span class='ocrx_word' id='word_1_238' title='bbox 1428 1803 1692 1846; x_wconf 85' lang='lat' dir='ltr'><strong>confluxisse</strong></span> 
     </span>
     <span class='ocr_line' id='line_1_31' title="bbox 115 1861 1693 1921; baseline -0.003 -16"><span class='ocrx_word' id='word_1_239' title='bbox 115 1873 157 1906; x_wconf 83' lang='lat' dir='ltr'><strong>et</strong></span> <span class='ocrx_word' id='word_1_240' title='bbox 207 1872 409 1921; x_wconf 88' lang='lat' dir='ltr'><strong>tanquam</strong></span> <span class='ocrx_word' id='word_1_241' title='bbox 456 1864 568 1905; x_wconf 93' lang='lat' dir='ltr'><strong>dona</strong></span> <span class='ocrx_word' id='word_1_242' title='bbox 614 1863 657 1904; x_wconf 91' lang='lat' dir='ltr'><strong>in</strong></span> <span class='ocrx_word' id='word_1_243' title='bbox 710 1863 913 1904; x_wconf 90' lang='lat' dir='ltr'><strong>sacellum</strong></span> <span class='ocrx_word' id='word_1_244' title='bbox 967 1862 1143 1918; x_wconf 87' lang='lat' dir='ltr'><strong>antiqua</strong></span> <span class='ocrx_word' id='word_1_245' title='bbox 1199 1861 1411 1916; x_wconf 72' lang='lat' dir='ltr'><strong>religione</strong></span> <span class='ocrx_word' id='word_1_246' title='bbox 1469 1875 1693 1902; x_wconf 88' lang='lat' dir='ltr'><strong>consecra-</strong></span> 
     </span>
     <span class='ocr_line' id='line_1_32' title="bbox 115 1916 1693 1976; baseline -0.003 -14"><span class='ocrx_word' id='word_1_247' title='bbox 115 1930 204 1963; x_wconf 85' lang='lat' dir='ltr'><strong>tum</strong></span> <span class='ocrx_word' id='word_1_248' title='bbox 243 1929 439 1962; x_wconf 90' lang='lat' dir='ltr'><strong>votorum</strong></span> <span class='ocrx_word' id='word_1_249' title='bbox 479 1920 871 1976; x_wconf 81' lang='lat' dir='ltr'><strong>nuncupationem,</strong></span> <span class='ocrx_word' id='word_1_250' title='bbox 923 1918 1154 1974; x_wconf 74' lang='lat' dir='ltr'><strong>gratiarum</strong></span> <span class='ocrx_word' id='word_1_251' title='bbox 1201 1916 1548 1959; x_wconf 85' lang='lat' dir='ltr'><strong>testificationem</strong></span> <span class='ocrx_word' id='word_1_252' title='bbox 1594 1933 1693 1958; x_wconf 90' lang='lat' dir='ltr'><strong>con-</strong></span> 
     </span>
     <span class='ocr_line' id='line_1_33' title="bbox 116 1973 1692 2031; baseline -0.003 -13"><span class='ocrx_word' id='word_1_253' title='bbox 116 1980 227 2018; x_wconf 80' lang='lat' dir='ltr'><strong>ferre</strong></span> <span class='ocrx_word' id='word_1_254' title='bbox 276 1977 498 2018; x_wconf 87' lang='lat' dir='ltr'><strong>videmini.</strong></span> <span class='ocrx_word' id='word_1_255' title='bbox 594 1977 713 2018; x_wconf 88' lang='lat' dir='ltr'><strong>Haec</strong></span> <span class='ocrx_word' id='word_1_256' title='bbox 755 1976 889 2031; x_wconf 77' lang='lat' dir='ltr'><strong>igitur</strong></span> <span class='ocrx_word' id='word_1_257' title='bbox 928 1982 995 2016; x_wconf 90' lang='lat' dir='ltr'><strong>est</strong></span> <span class='ocrx_word' id='word_1_258' title='bbox 1034 1982 1206 2016; x_wconf 89' lang='lat' dir='ltr'><strong>nostrae</strong></span> <span class='ocrx_word' id='word_1_259' title='bbox 1247 1974 1418 2015; x_wconf 86' lang='lat' dir='ltr'><strong>scholae</strong></span> <span class='ocrx_word' id='word_1_260' title='bbox 1469 1973 1692 2025; x_wconf 88' lang='lat' dir='ltr'><strong>nobilitas,</strong></span> 
     </span>
     <span class='ocr_line' id='line_1_34' title="bbox 117 2029 1694 2090; baseline -0.003 -15"><span class='ocrx_word' id='word_1_261' title='bbox 117 2034 220 2075; x_wconf 81' lang='lat' dir='ltr'><strong>fulta</strong></span> <span class='ocrx_word' id='word_1_262' title='bbox 260 2049 362 2074; x_wconf 89' lang='lat' dir='ltr'><strong>sane</strong></span> <span class='ocrx_word' id='word_1_263' title='bbox 401 2041 442 2074; x_wconf 89' lang='lat' dir='ltr'><strong>et</strong></span> <span class='ocrx_word' id='word_1_264' title='bbox 484 2040 778 2090; x_wconf 88' lang='lat' dir='ltr'><strong>superstructa</strong></span> <span class='ocrx_word' id='word_1_265' title='bbox 827 2031 1030 2088; x_wconf 87' lang='lat' dir='ltr'><strong>antiquae</strong></span> <span class='ocrx_word' id='word_1_266' title='bbox 1069 2030 1252 2087; x_wconf 73' lang='lat' dir='ltr'><strong>originis</strong></span> <span class='ocrx_word' id='word_1_267' title='bbox 1298 2029 1573 2082; x_wconf 85' lang='lat' dir='ltr'><strong>celebritate,</strong></span> <span class='ocrx_word' id='word_1_268' title='bbox 1616 2030 1694 2071; x_wconf 90' lang='lat' dir='ltr'><strong>sed</strong></span> 
     </span>
     <span class='ocr_line' id='line_1_35' title="bbox 116 2086 1691 2144; baseline -0.003 -13"><span class='ocrx_word' id='word_1_269' title='bbox 116 2090 359 2132; x_wconf 83' lang='lat' dir='ltr'><strong>confirmata</strong></span> <span class='ocrx_word' id='word_1_270' title='bbox 393 2096 435 2130; x_wconf 91' lang='lat' dir='ltr'><strong>et</strong></span> <span class='ocrx_word' id='word_1_271' title='bbox 465 2090 508 2130; x_wconf 92' lang='lat' dir='ltr'><strong>in</strong></span> <span class='ocrx_word' id='word_1_272' title='bbox 541 2104 666 2130; x_wconf 90' lang='lat' dir='ltr'><strong>omne</strong></span> <span class='ocrx_word' id='word_1_273' title='bbox 705 2096 874 2144; x_wconf 87' lang='lat' dir='ltr'><strong>tempus</strong></span> <span class='ocrx_word' id='word_1_274' title='bbox 921 2087 1084 2129; x_wconf 88' lang='lat' dir='ltr'><strong>sancita</strong></span> <span class='ocrx_word' id='word_1_275' title='bbox 1124 2095 1167 2128; x_wconf 90' lang='lat' dir='ltr'><strong>et</strong></span> <span class='ocrx_word' id='word_1_276' title='bbox 1206 2095 1354 2129; x_wconf 89' lang='lat' dir='ltr'><strong>contra</strong></span> <span class='ocrx_word' id='word_1_277' title='bbox 1396 2086 1592 2143; x_wconf 87' lang='lat' dir='ltr'><strong>quamvis</strong></span> <span class='ocrx_word' id='word_1_278' title='bbox 1632 2102 1691 2127; x_wconf 86' lang='lat' dir='ltr'><strong>re·</strong></span> 
     </span>
     <span class='ocr_line' id='line_1_36' title="bbox 115 2142 1693 2201; baseline -0.003 -14"><span class='ocrx_word' id='word_1_279' title='bbox 115 2163 209 2187; x_wconf 89' lang='lat' dir='ltr'><strong>rum</strong></span> <span class='ocrx_word' id='word_1_280' title='bbox 249 2146 559 2201; x_wconf 83' lang='lat' dir='ltr'><strong>hominumque</strong></span> <span class='ocrx_word' id='word_1_281' title='bbox 589 2144 788 2186; x_wconf 87' lang='lat' dir='ltr'><strong>iniuriam</strong></span> <span class='ocrx_word' id='word_1_282' title='bbox 823 2144 986 2185; x_wconf 89' lang='lat' dir='ltr'><strong>munita</strong></span> <span class='ocrx_word' id='word_1_283' title='bbox 1017 2145 1205 2200; x_wconf 89' lang='lat' dir='ltr'><strong>optimae</strong></span> <span class='ocrx_word' id='word_1_284' title='bbox 1240 2143 1387 2184; x_wconf 90' lang='lat' dir='ltr'><strong>matris</strong></span> <span class='ocrx_word' id='word_1_285' title='bbox 1418 2150 1460 2183; x_wconf 89' lang='lat' dir='ltr'><strong>et</strong></span> <span class='ocrx_word' id='word_1_286' title='bbox 1488 2142 1693 2193; x_wconf 88' lang='lat' dir='ltr'><strong>filiorum,</strong></span> 
     </span>
     <span class='ocr_line' id='line_1_37' title="bbox 118 2198 1695 2259; baseline -0.003 -15"><span class='ocrx_word' id='word_1_287' title='bbox 118 2219 227 2259; x_wconf 86' lang='lat' dir='ltr'><strong>quos</strong></span> <span class='ocrx_word' id='word_1_288' title='bbox 260 2203 330 2243; x_wconf 92' lang='lat' dir='ltr'><strong>illa</strong></span> <span class='ocrx_word' id='word_1_289' title='bbox 364 2203 405 2243; x_wconf 92' lang='lat' dir='ltr'><strong>in</strong></span> <span class='ocrx_word' id='word_1_290' title='bbox 439 2202 577 2243; x_wconf 86' lang='lat' dir='ltr'><strong>lucem</strong></span> <span class='ocrx_word' id='word_1_291' title='bbox 619 2201 781 2252; x_wconf 85' lang='lat' dir='ltr'><strong>edidit,</strong></span> <span class='ocrx_word' id='word_1_292' title='bbox 826 2216 1046 2256; x_wconf 90' lang='lat' dir='ltr'><strong>nunquam</strong></span> <span class='ocrx_word' id='word_1_293' title='bbox 1089 2199 1346 2240; x_wconf 85' lang='lat' dir='ltr'><strong>intermissis</strong></span> <span class='ocrx_word' id='word_1_294' title='bbox 1385 2198 1608 2239; x_wconf 85' lang='lat' dir='ltr'><strong>laboribus</strong></span> <span class='ocrx_word' id='word_1_295' title='bbox 1654 2207 1695 2239; x_wconf 92' lang='lat' dir='ltr'><strong>et</strong></span> 
     </span>
     <span class='ocr_line' id='line_1_38' title="bbox 119 2254 1694 2313; baseline -0.003 -13"><span class='ocrx_word' id='word_1_296' title='bbox 119 2259 297 2300; x_wconf 87' lang='lat' dir='ltr'><strong>meritis.</strong></span> <span class='ocrx_word' id='word_1_297' title='bbox 360 2258 469 2299; x_wconf 81' lang='lat' dir='ltr'><strong>Nam</strong></span> <span class='ocrx_word' id='word_1_298' title='bbox 500 2258 537 2299; x_wconf 90' lang='lat' dir='ltr'><strong>si</strong></span> <span class='ocrx_word' id='word_1_299' title='bbox 568 2257 666 2313; x_wconf 86' lang='lat' dir='ltr'><strong>quis</strong></span> <span class='ocrx_word' id='word_1_300' title='bbox 698 2257 869 2297; x_wconf 89' lang='lat' dir='ltr'><strong>tertium</strong></span> <span class='ocrx_word' id='word_1_301' title='bbox 901 2256 1009 2297; x_wconf 90' lang='lat' dir='ltr'><strong>illud</strong></span> <span class='ocrx_word' id='word_1_302' title='bbox 1041 2272 1177 2312; x_wconf 78' lang='lat' dir='ltr'><strong>genus</strong></span> <span class='ocrx_word' id='word_1_303' title='bbox 1210 2254 1456 2311; x_wconf 82' lang='lat' dir='ltr'><strong>splendoris</strong></span> <span class='ocrx_word' id='word_1_304' title='bbox 1486 2255 1694 2311; x_wconf 87' lang='lat' dir='ltr'><strong>requirat,</strong></span> 
     </span>
     <span class='ocr_line' id='line_1_39' title="bbox 119 2311 1694 2372; baseline -0.004 -15"><span class='ocrx_word' id='word_1_305' title='bbox 119 2316 235 2372; x_wconf 88' lang='lat' dir='ltr'><strong>qnod</strong></span> <span class='ocrx_word' id='word_1_306' title='bbox 266 2315 429 2356; x_wconf 90' lang='lat' dir='ltr'><strong>divitiis</strong></span> <span class='ocrx_word' id='word_1_307' title='bbox 463 2322 504 2355; x_wconf 88' lang='lat' dir='ltr'><strong>et</strong></span> <span class='ocrx_word' id='word_1_308' title='bbox 535 2313 749 2354; x_wconf 80' lang='lat' dir='ltr'><strong>affluentia</strong></span> <span class='ocrx_word' id='word_1_309' title='bbox 781 2328 922 2352; x_wconf 88' lang='lat' dir='ltr'><strong>rernm</strong></span> <span class='ocrx_word' id='word_1_310' title='bbox 955 2312 1249 2367; x_wconf 83' lang='lat' dir='ltr'><strong>conspicitur,</strong></span> <span class='ocrx_word' id='word_1_311' title='bbox 1290 2326 1339 2351; x_wconf 90' lang='lat' dir='ltr'><strong>co</strong></span> <span class='ocrx_word' id='word_1_312' title='bbox 1370 2311 1569 2352; x_wconf 92' lang='lat' dir='ltr'><strong>lubenter</strong></span> <span class='ocrx_word' id='word_1_313' title='bbox 1601 2327 1694 2367; x_wconf 89' lang='lat' dir='ltr'><strong>pro-</strong></span> 
     </span>
     <span class='ocr_line' id='line_1_40' title="bbox 118 2367 1694 2424; baseline -0.004 -11"><span class='ocrx_word' id='word_1_314' title='bbox 118 2374 288 2413; x_wconf 88' lang='lat' dir='ltr'><strong>fitemur</strong></span> <span class='ocrx_word' id='word_1_315' title='bbox 317 2387 394 2412; x_wconf 86' lang='lat' dir='ltr'><strong>nos</strong></span> <span class='ocrx_word' id='word_1_316' title='bbox 428 2370 605 2411; x_wconf 88' lang='lat' dir='ltr'><strong>destitui</strong></span> <span class='ocrx_word' id='word_1_317' title='bbox 653 2369 910 2424; x_wconf 86' lang='lat' dir='ltr'><strong>faciliusque</strong></span> <span class='ocrx_word' id='word_1_318' title='bbox 953 2383 1113 2419; x_wconf 88' lang='lat' dir='ltr'><strong>carere,</strong></span> <span class='ocrx_word' id='word_1_319' title='bbox 1151 2367 1278 2408; x_wconf 89' lang='lat' dir='ltr'><strong>modo</strong></span> <span class='ocrx_word' id='word_1_320' title='bbox 1317 2367 1511 2422; x_wconf 86' lang='lat' dir='ltr'><strong>reliquae</strong></span> <span class='ocrx_word' id='word_1_321' title='bbox 1542 2367 1694 2409; x_wconf 90' lang='lat' dir='ltr'><strong>landes</strong></span> 
     </span>
     <span class='ocr_line' id='line_1_41' title="bbox 121 2423 1696 2484; baseline -0.003 -15"><span class='ocrx_word' id='word_1_322' title='bbox 121 2427 342 2484; x_wconf 88' lang='lat' dir='ltr'><strong>supersint</strong></span> <span class='ocrx_word' id='word_1_323' title='bbox 373 2442 514 2483; x_wconf 86' lang='lat' dir='ltr'><strong>neque</strong></span> <span class='ocrx_word' id='word_1_324' title='bbox 545 2441 652 2466; x_wconf 89' lang='lat' dir='ltr'><strong>vana</strong></span> <span class='ocrx_word' id='word_1_325' title='bbox 684 2425 890 2479; x_wconf 88' lang='lat' dir='ltr'><strong>opinione</strong></span> <span class='ocrx_word' id='word_1_326' title='bbox 932 2431 1186 2480; x_wconf 80' lang='lat' dir='ltr'><strong>arrogentur</strong></span> <span class='ocrx_word' id='word_1_327' title='bbox 1224 2423 1293 2464; x_wconf 91' lang='lat' dir='ltr'><strong>vel</strong></span> <span class='ocrx_word' id='word_1_328' title='bbox 1330 2423 1474 2465; x_wconf 91' lang='lat' dir='ltr'><strong>inutili</strong></span> <span class='ocrx_word' id='word_1_329' title='bbox 1511 2431 1696 2465; x_wconf 85' lang='lat' dir='ltr'><strong>ostenta-</strong></span> 
     </span>
     <span class='ocr_line' id='line_1_42' title="bbox 121 2480 1698 2540; baseline -0.003 -15"><span class='ocrx_word' id='word_1_330' title='bbox 121 2485 238 2526; x_wconf 90' lang='lat' dir='ltr'><strong>tione</strong></span> <span class='ocrx_word' id='word_1_331' title='bbox 271 2484 585 2540; x_wconf 86' lang='lat' dir='ltr'><strong>opprimantur.</strong></span> <span class='ocrx_word' id='word_1_332' title='bbox 648 2482 801 2523; x_wconf 90' lang='lat' dir='ltr'><strong>Seiunt</strong></span> <span class='ocrx_word' id='word_1_333' title='bbox 832 2480 962 2532; x_wconf 89' lang='lat' dir='ltr'><strong>enim,</strong></span> <span class='ocrx_word' id='word_1_334' title='bbox 987 2481 1236 2537; x_wconf 89' lang='lat' dir='ltr'><strong>quicunque</strong></span> <span class='ocrx_word' id='word_1_335' title='bbox 1269 2487 1510 2535; x_wconf 87' lang='lat' dir='ltr'><strong>compertas</strong></span> <span class='ocrx_word' id='word_1_336' title='bbox 1539 2480 1698 2521; x_wconf 89' lang='lat' dir='ltr'><strong>habent</strong></span> 
     </span>
     <span class='ocr_line' id='line_1_43' title="bbox 123 2536 1696 2596; baseline -0.003 -15"><span class='ocrx_word' id='word_1_337' title='bbox 123 2541 312 2596; x_wconf 78' lang='lat' dir='ltr'><strong>origines</strong></span> <span class='ocrx_word' id='word_1_338' title='bbox 345 2546 530 2591; x_wconf 88' lang='lat' dir='ltr'><strong>nostras,</strong></span> <span class='ocrx_word' id='word_1_339' title='bbox 564 2537 803 2594; x_wconf 89' lang='lat' dir='ltr'><strong>antiquitus</strong></span> <span class='ocrx_word' id='word_1_340' title='bbox 844 2536 1060 2578; x_wconf 85' lang='lat' dir='ltr'><strong>habitasse</strong></span> <span class='ocrx_word' id='word_1_341' title='bbox 1099 2537 1143 2577; x_wconf 88' lang='lat' dir='ltr'><strong>in</strong></span> <span class='ocrx_word' id='word_1_342' title='bbox 1184 2537 1265 2577; x_wconf 88' lang='lat' dir='ltr'><strong>hoe</strong></span> <span class='ocrx_word' id='word_1_343' title='bbox 1307 2536 1523 2577; x_wconf 88' lang='lat' dir='ltr'><strong>domicilio</strong></span> <span class='ocrx_word' id='word_1_344' title='bbox 1564 2537 1696 2577; x_wconf 92' lang='lat' dir='ltr'><strong>homi-</strong></span> 
     </span>
     <span class='ocr_line' id='line_1_44' title="bbox 122 2592 1695 2650; baseline -0.003 -13"><span class='ocrx_word' id='word_1_345' title='bbox 122 2613 199 2637; x_wconf 88' lang='lat' dir='ltr'><strong>nes</strong></span> <span class='ocrx_word' id='word_1_346' title='bbox 233 2605 382 2637; x_wconf 87' lang='lat' dir='ltr'><strong>tennes</strong></span> <span class='ocrx_word' id='word_1_347' title='bbox 416 2601 735 2650; x_wconf 87' lang='lat' dir='ltr'><strong>perpetuaeque</strong></span> <span class='ocrx_word' id='word_1_348' title='bbox 770 2593 1015 2650; x_wconf 88' lang='lat' dir='ltr'><strong>paupertati</strong></span> <span class='ocrx_word' id='word_1_349' title='bbox 1046 2593 1259 2646; x_wconf 87' lang='lat' dir='ltr'><strong>addictos,</strong></span> <span class='ocrx_word' id='word_1_350' title='bbox 1300 2593 1375 2649; x_wconf 90' lang='lat' dir='ltr'><strong>qui</strong></span> <span class='ocrx_word' id='word_1_351' title='bbox 1413 2592 1535 2633; x_wconf 88' lang='lat' dir='ltr'><strong>statis</strong></span> <span class='ocrx_word' id='word_1_352' title='bbox 1577 2592 1695 2633; x_wconf 81' lang='lat' dir='ltr'><strong>horis</strong></span> 
     </span>
     <span class='ocr_line' id='line_1_45' title="bbox 124 2649 1696 2707; baseline -0.003 -14"><span class='ocrx_word' id='word_1_353' title='bbox 124 2654 265 2693; x_wconf 90' lang='lat' dir='ltr'><strong>Deum</strong></span> <span class='ocrx_word' id='word_1_354' title='bbox 297 2651 607 2703; x_wconf 86' lang='lat' dir='ltr'><strong>collaudantes,</strong></span> <span class='ocrx_word' id='word_1_355' title='bbox 635 2652 838 2707; x_wconf 88' lang='lat' dir='ltr'><strong>pietatem</strong></span> <span class='ocrx_word' id='word_1_356' title='bbox 871 2665 948 2707; x_wconf 85' lang='lat' dir='ltr'><strong>per</strong></span> <span class='ocrx_word' id='word_1_357' title='bbox 976 2649 1125 2690; x_wconf 88' lang='lat' dir='ltr'><strong>urbem</strong></span> <span class='ocrx_word' id='word_1_358' title='bbox 1157 2664 1383 2705; x_wconf 75' lang='lat' dir='ltr'><strong>pagosque</strong></span> <span class='ocrx_word' id='word_1_359' title='bbox 1422 2664 1500 2705; x_wconf 87' lang='lat' dir='ltr'><strong>pro</strong></span> <span class='ocrx_word' id='word_1_360' title='bbox 1541 2649 1696 2689; x_wconf 90' lang='lat' dir='ltr'><strong>virium</strong></span> 
     </span>
     <span class='ocr_line' id='line_1_46' title="bbox 123 2704 1694 2764; baseline -0.003 -15"><span class='ocrx_word' id='word_1_361' title='bbox 123 2708 298 2749; x_wconf 87' lang='lat' dir='ltr'><strong>modulo</strong></span> <span class='ocrx_word' id='word_1_362' title='bbox 331 2706 643 2764; x_wconf 82' lang='lat' dir='ltr'><strong>praedicantes,</strong></span> <span class='ocrx_word' id='word_1_363' title='bbox 669 2707 856 2764; x_wconf 88' lang='lat' dir='ltr'><strong>denique</strong></span> <span class='ocrx_word' id='word_1_364' title='bbox 884 2706 1224 2747; x_wconf 86' lang='lat' dir='ltr'><strong>rudimentorum</strong></span> <span class='ocrx_word' id='word_1_365' title='bbox 1255 2704 1487 2761; x_wconf 87' lang='lat' dir='ltr'><strong>disciplina</strong></span> <span class='ocrx_word' id='word_1_366' title='bbox 1517 2720 1694 2760; x_wconf 73' lang='lat' dir='ltr'><strong>puer-05,</strong></span> 
     </span>
     <span class='ocr_line' id='line_1_47' title="bbox 127 2761 1693 2820; baseline -0.003 -16"><span class='ocrx_word' id='word_1_367' title='bbox 127 2764 201 2820; x_wconf 90' lang='lat' dir='ltr'><strong>qui</strong></span> <span class='ocrx_word' id='word_1_368' title='bbox 240 2763 472 2819; x_wconf 84' lang='lat' dir='ltr'><strong>aliquando</strong></span> <span class='ocrx_word' id='word_1_369' title='bbox 511 2762 565 2802; x_wconf 86' lang='lat' dir='ltr'><strong>ad</strong></span> <span class='ocrx_word' id='word_1_370' title='bbox 609 2763 791 2804; x_wconf 86' lang='lat' dir='ltr'><strong>similem</strong></span> <span class='ocrx_word' id='word_1_371' title='bbox 831 2763 1020 2804; x_wconf 89' lang='lat' dir='ltr'><strong>laborem</strong></span> <span class='ocrx_word' id='word_1_372' title='bbox 1060 2762 1390 2813; x_wconf 87' lang='lat' dir='ltr'><strong>adhiberentur,</strong></span> <span class='ocrx_word' id='word_1_373' title='bbox 1434 2761 1477 2801; x_wconf 92' lang='lat' dir='ltr'><strong>in</strong></span> <span class='ocrx_word' id='word_1_374' title='bbox 1518 2761 1693 2801; x_wconf 87' lang='lat' dir='ltr'><strong>latebris</strong></span> 
     </span>
     <span class='ocr_line' id='line_1_48' title="bbox 127 2815 1693 2875; baseline -0.004 -15"><span class='ocrx_word' id='word_1_375' title='bbox 127 2819 216 2860; x_wconf 86' lang='lat' dir='ltr'><strong>suis</strong></span> <span class='ocrx_word' id='word_1_376' title='bbox 247 2821 539 2869; x_wconf 61' lang='lat' dir='ltr'><strong>effen-mantes..</strong></span> <span class='ocrx_word' id='word_1_377' title='bbox 571 2819 763 2860; x_wconf 89' lang='lat' dir='ltr'><strong>contenti</strong></span> <span class='ocrx_word' id='word_1_378' title='bbox 794 2827 925 2872; x_wconf 89' lang='lat' dir='ltr'><strong>sorte,</strong></span> <span class='ocrx_word' id='word_1_379' title='bbox 959 2834 1068 2875; x_wconf 88' lang='lat' dir='ltr'><strong>quae</strong></span> <span class='ocrx_word' id='word_1_380' title='bbox 1100 2818 1185 2859; x_wconf 91' lang='lat' dir='ltr'><strong>sibi</strong></span> <span class='ocrx_word' id='word_1_381' title='bbox 1214 2818 1272 2858; x_wconf 87' lang='lat' dir='ltr'><strong>ita</strong></span> <span class='ocrx_word' id='word_1_382' title='bbox 1302 2816 1551 2866; x_wconf 83' lang='lat' dir='ltr'><strong>cecidisset,</strong></span> <span class='ocrx_word' id='word_1_383' title='bbox 1593 2815 1693 2854; x_wconf 85' lang='lat' dir='ltr'><strong>alio-</strong></span> 
     </span>
     <span class='ocr_line' id='line_1_49' title="bbox 130 2870 1694 2932; baseline -0.005 -15"><span class='ocrx_word' id='word_1_384' title='bbox 130 2891 221 2917; x_wconf 88' lang='lat' dir='ltr'><strong>rum</strong></span> <span class='ocrx_word' id='word_1_385' title='bbox 263 2874 458 2915; x_wconf 87' lang='lat' dir='ltr'><strong>luxuriae</strong></span> <span class='ocrx_word' id='word_1_386' title='bbox 500 2874 791 2932; x_wconf 86' lang='lat' dir='ltr'><strong>inertiaeque,</strong></span> <span class='ocrx_word' id='word_1_387' title='bbox 834 2875 1028 2932; x_wconf 87' lang='lat' dir='ltr'><strong>quamvis</strong></span> <span class='ocrx_word' id='word_1_388' title='bbox 1073 2874 1160 2917; x_wconf 90' lang='lat' dir='ltr'><strong>illis</strong></span> <span class='ocrx_word' id='word_1_389' title='bbox 1207 2873 1349 2915; x_wconf 85' lang='lat' dir='ltr'><strong>omnia</strong></span> <span class='ocrx_word' id='word_1_390' title='bbox 1388 2870 1558 2913; x_wconf 89' lang='lat' dir='ltr'><strong>abunde</strong></span> <span class='ocrx_word' id='word_1_391' title='bbox 1600 2883 1694 2912; x_wconf 86' lang='lat' dir='ltr'><strong>esse</strong></span> 
     </span>
    </p>
   </div>
  </div>
 </body>
</html>
