1835 3215
861 129 943 170 20‘.)

113 242 312 283 omnibus
351 255 478 282 unam
516 239 789 296 agnoscimus
827 239 1142 296 providentiam
1188 241 1392 294 divinam,
1446 241 1680 299 benignam

113 314 258 339 corum
291 312 401 354 quae
431 311 580 338 revera
611 296 734 337 utilia
765 304 866 338 sunt
904 297 1241 339 moderatricem.
1313 297 1386 338 Ad
1431 312 1522 339 eam
1563 315 1678 342 nunc

112 369 284 410 quoque
314 368 393 394 nos
423 351 730 406 convertimus,
762 352 803 393 ei
832 367 900 393 res
932 360 1100 394 nostras
1131 353 1175 395 in
1210 369 1335 395 omne
1366 360 1536 409 tempus
1568 371 1679 396 com-

113 410 382 462 mendamus,
413 408 453 449 ei
480 407 606 449 fidem
637 416 679 450 et
709 408 965 464 obsequium
996 417 1189 451 nostrum
1219 404 1488 466 pollicemur.
1549 410 1606 452 Et
1637 412 1682 452 in

112 466 326 517 maximis,
359 464 518 521 quibus
549 473 699 506 auctos
726 473 987 520 ornatosque
1013 481 1092 506 nos
1125 465 1434 521 conspicimus,
1458 465 1682 508 beneficiis

112 522 194 563 hoc
222 520 404 561 maxime
435 535 703 574 veneramur,
735 521 853 577 quod
882 536 1027 575 regem
1058 521 1130 562 illa
1155 521 1274 562 dedit
1289 521 1535 563 Saxonibus
1557 522 1684 564 Prin-

114 577 253 634 cipem
302 592 400 617 vere
449 575 618 616 civilem
668 592 931 634 suorumque
973 577 1162 618 omnium
1201 578 1556 619 amantissimum.
1630 578 1684 620 In

112 634 227 674 bunc
258 632 370 673 euim
406 638 609 687 tanquam
649 632 854 674 vaticinio
896 632 1009 674 edita
1055 633 1336 684 couveniunt,
1377 648 1486 689 quae
1527 633 1682 676 Rivius

113 689 165 729 dc
197 689 309 729 bono
341 687 487 743 aliquo
519 688 726 744 Principe
755 691 812 730 ita
844 688 1045 744 scripsit:
1090 688 1217 742 „Qui
1247 704 1416 745 semper
1454 689 1685 731 utilitatem

113 760 285 785 suorum
315 746 429 784 tucri
457 744 617 795 studet,
650 752 691 785 et
722 744 952 785 dummodo
983 744 1158 800 publica
1197 745 1421 785 commoda
1463 752 1683 800 procuret,

112 801 322 857 privatum
355 807 395 840 ct
436 815 559 840 suum
600 803 693 854 ipse.
731 800 931 855 negligit,
973 800 1266 856 maioremque
1312 815 1482 855 semper
1520 801 1685 842 alienae

114 872 239 911 quam
279 855 481 911 propriae
520 855 670 895 salutis
708 856 916 896 rationem
956 855 1101 906 babet,
1142 856 1186 896 id
1217 856 1335 911 quod
1372 856 1591 911 peculiare
1621 864 1687 898 est

113 911 329 967 Principis
362 911 543 951 officium
574 919 702 966 atquc
734 927 906 963 munus,
940 911 1015 966 qui
1050 911 1341 967 principatum
1382 927 1468 951 non
1507 912 1549 952 in
1588 928 1688 969 pur-

113 984 218 1023 pura
248 983 326 1008 nee
364 967 407 1007 in
437 966 599 1007 divitiis
637 976 765 1021 atque
803 967 980 1022 opibus,
1021 967 1098 1007 sed
1135 967 1178 1007 in
1209 968 1385 1022 pictate,
1417 968 1590 1021 virtute,
1624 984 1687 1009 sa-

112 1023 363 1079 pientiaque
395 1023 584 1078 positum
619 1022 798 1076 iudicat,
829 1030 870 1063 et
900 1022 1127 1078 imperium
1165 1023 1274 1064 nihil
1314 1022 1432 1063 aliud
1472 1039 1568 1064 esse
1607 1031 1688 1065 sta-

114 1080 194 1120 tuit
222 1095 349 1135 quam
378 1087 419 1120 et
455 1078 763 1120 incolumitatis
802 1078 967 1119 alienae
1005 1094 1151 1119 curam
1194 1087 1236 1120 et
1274 1079 1474 1134 propriae.
1516 1079 1688 1121 virtutis

116 1136 486 1186 exercitationem,
517 1150 658 1175 annon
692 1135 1031 1176 iucundissimos
1064 1141 1106 1175 et
1127 1134 1556 1191 paeneineredibiles
1576 1136 1691 1176 bunc

114 1207 136 1231 e
166 1191 239 1231 tali
271 1200 412 1231 mente
442 1199 569 1248 atque
601 1191 743 1232 animo
776 1191 1004 1247 percipere
1028 1191 1193 1232 fructus
1215 1191 1484 1247 voluptatum
1504 1192 1689 1232 ceuscs‘l

114 1247 237 1287 Talis
267 1247 478 1303 Princeps
516 1262 601 1287 non
631 1248 971 1288 facinorosorum
1003 1246 1160 1287 civium
1193 1247 1353 1288 circum
1387 1261 1433 1287 se
1471 1253 1690 1303 comparat

114 1319 303 1354 manum,
336 1318 414 1343 nec
454 1303 729 1343 barbarorum
771 1302 975 1343 comitatu
1015 1302 1198 1358 stipatus
1241 1301 1420 1353 incedit,
1464 1302 1541 1342 sed
1581 1302 1690 1358 opti=

116 1375 229 1399 mum
260 1374 475 1413 quemque
516 1358 665 1413 reique
702 1358 901 1414 publicae
939 1357 1308 1399 studiosissimum
1345 1357 1430 1398 sibi
1473 1357 1689 1413 adiungit,

116 1423 158 1455 et
189 1415 374 1455 amicitia
405 1415 446 1454 in
478 1414 629 1470 primis
660 1414 870 1454 bonorum
904 1429 952 1454 ae
974 1413 1262 1455 familiaritate
1294 1413 1554 1468 sapientium
1588 1429 1690 1468 gau-

118 1471 242 1511 ‹tet.⁶‘
303 1471 423 1511 Haec
454 1479 592 1510 autem
627 1470 683 1510 ita
714 1470 806 1510 fieri
844 1477 886 1510 et
923 1469 1093 1510 institui
1133 1485 1155 1509 a
1196 1484 1298 1524 rege
1337 1476 1504 1520 nostro,
1544 1484 1596 1509 ex
1639 1483 1691 1509 co

118 1542 292 1583 (lneque
325 1533 520 1582 apparet,
550 1526 666 1581 quod
696 1526 896 1582 publicae
925 1525 1078 1566 artium
1106 1525 1413 1580 literarumque
1433 1524 1692 1580 disciplinae

121 1582 328 1638 praesccit
358 1583 472 1623 viros
504 1581 621 1622 omni
669 1581 947 1622 humanitatis
999 1582 1118 1622 cultu
1167 1581 1482 1632 ornatissimos,
1531 1579 1575 1620 in
1624 1580 1692 1621 his

118 1655 243 1694 quem
279 1644 547 1694 praesentem
588 1637 717 1677 hodie
757 1636 1065 1692 conspicimus.
1137 1637 1219 1676 His
1263 1635 1480 1676 iudicibus
1517 1635 1594 1675 ubi
1631 1635 1692 1675 in-

117 1695 323 1735 dustriam
363 1700 554 1734 nostram
602 1692 947 1747 probaverimus,
1001 1691 1312 1733 laudatissimis
1362 1690 1562 1733 omnibus
1615 1706 1694 1732 nos

116 1750 373 1807 probaturos
405 1765 501 1789 esse
529 1749 842 1800 existimamus,
884 1755 1013 1804 atque
1049 1748 1108 1788 ita
1148 1748 1200 1788 de
1240 1748 1385 1788 futuro
1423 1745 1696 1788 consociatae

118 1822 271 1863 operae
311 1812 483 1846 nostrae
524 1821 745 1858 successu,
785 1805 837 1845 dc
876 1804 1101 1860 perpetuis
1148 1803 1403 1853 iuventutis,
1446 1817 1554 1858 quae
1595 1801 1696 1844 huic

119 1863 292 1903 scholae
334 1861 489 1902 tradita
530 1869 612 1910 est,
657 1860 954 1910 incrementis,
1002 1859 1054 1900 de
1104 1867 1228 1901 aucta
1283 1874 1422 1915 usque
1472 1857 1697 1900 universae

118 1918 282 1976 patriae
314 1917 523 1959 felicitate
553 1917 694 1958 fausto
721 1916 791 1957 die
824 1915 1088 1957 faustissima
1119 1915 1262 1957 onmia
1296 1929 1571 1971 auguramur.

861 2141 953 2203 34.

123 2252 166 2308 C
187 2272 218 2307 a
239 2272 266 2305 r
286 2271 343 2305 m
370 2270 398 2304 e
419 2270 454 2303 n
496 2270 519 2303 s
542 2268 572 2303 a
595 2268 624 2302 e
646 2268 674 2303 o
697 2269 734 2302 u
754 2250 771 2302 l
793 2268 824 2304 a
847 2270 874 2304 r
895 2271 924 2304 c
965 2251 1186 2305 scholae
1234 2250 1414 2322 regiae¹
1453 2249 1702 2304 Afranae

120 2339 291 2392 tribus
321 2338 548 2392 saeculis
589 2338 816 2392 feliciter
855 2340 1059 2393 exactis
1096 2339 1381 2393 sollemnia
1418 2339 1554 2393 festa
1580 2340 1701 2393 die-

124 2426 225 2478 bus
261 2423 323 2477 ll.
348 2423 439 2478 HI.
466 2423 557 2476 W.
600 2442 668 2479 m.
693 2423 799 2480 Jul.
824 2423 1366 2482 ClDIOCCCXLIH.
1408 2427 1703 2482 celebranti

231 2511 421 2566 obtulit
463 2509 757 2566 Ecluarclus
793 2514 1076 2588 Augustus
1115 2513 1342 2568 Diller
1380 2514 1600 2568 illu-stris

567 2595 802 2651 Afranei
841 2599 1125 2654 Professor
1162 2600 1256 2654 VI.

410 2710 591 2765 Eongis
620 2727 698 2768 per
727 2729 847 2756 axem
879 2715 1069 2757 volvitur
1100 2715 1276 2758 orbibus

412 2765 542 2806 Titan
573 2767 717 2809 diurni
747 2770 923 2812 luminis
956 2772 1131 2823 arbiter,

463 2820 736 2888 Noctemque
767 2827 892 2867 terris
923 2826 1199 2868 incubantem

524 2876 660 2920 Ocius
688 2895 731 2920 m
763 2896 838 2922 sua
871 2882 1057 2924 claustra
1087 2883 1221 2938 cogit.
1343 2935 1390 2974 1!

1341 2949 1343 2951 ’
1371 2949 1396 2970 »ἰ
