1835 3215
887 115 968 156 204

138 229 249 270 bene
279 228 467 280 seirent,
499 226 744 269 admirabili
781 229 988 285 patientia
1036 229 1308 271 inservirent.
1382 228 1538 271 Postea
1581 244 1715 286 quum

138 286 234 326 Deo
263 285 320 327 ita
354 286 514 326 ferente
546 299 655 325 nova
685 284 781 326 luce
813 286 928 327 orbis
964 294 1170 327 terrarum
1216 285 1460 327 collustrari
1499 293 1542 327 et
1584 286 1716 326 animi

139 341 314 382 hiunani
345 350 546 396 tanquam
578 339 630 381 ad
659 340 921 383 inveteratae
952 343 1062 384 labis
1095 341 1303 383 medelam
1335 341 1387 382 ad
1420 341 1716 397 cognitionem

138 406 180 440 et
210 397 550 439 emendationem
583 396 783 439 vitiorum
816 398 989 441 incendi
1020 399 1286 455 coepissent,
1329 399 1390 439 uti
1430 398 1523 439 fieri
1555 399 1715 440 assolet

138 455 183 496 in
212 470 364 510 magna
395 469 537 494 rerum
569 454 869 508 conversione,
897 456 1019 497 multi
1050 455 1156 497 adeo
1188 454 1313 496 abusi
1344 463 1446 496 sunt
1478 455 1717 512 explendae

138 510 388 567 cupiditatis
424 511 764 566 opportunitate,
807 520 853 553 ut
885 512 1125 554 involantes
1164 512 1207 552 in
1249 511 1467 567 praedam,
1507 510 1718 568 quicquid

138 568 347 608 maiorum
379 566 636 608 liberalitate
668 568 720 607 ad
750 583 894 609 sacros
929 585 1049 619 usus,
1074 567 1126 609 ad
1160 568 1358 609 iuvenum
1382 566 1716 620 institutionem,

139 624 190 664 ad
223 623 374 664 artium
409 623 670 664 incrementa
702 624 961 666 destinatum
995 626 1164 677 fuisset,
1197 632 1268 665 aut
1299 624 1500 682 precibus
1533 633 1575 665 et
1602 624 1718 666 blan—

139 680 256 721 ditiis
285 680 523 731 auferrent,
552 689 623 721 aut
652 682 769 721 omui
802 682 1078 723 contentione
1110 696 1286 738 quoquo
1327 682 1453 722 modo
1492 689 1718 737 extorque-

138 744 247 778 rent.
310 736 512 778 Huncin
547 737 719 778 modum
760 754 913 794 magna
952 747 1073 795 parte
1118 739 1327 779 bonorum
1370 738 1607 794 intercepta
1648 745 1720 778 aut

137 794 407 849 importunae
438 793 677 834 avarissimi
712 795 926 851 cuiusque
958 795 1152 836 aviditati
1184 795 1441 847 condonata,
1467 809 1521 834 ne
1553 793 1718 850 reliqua

138 850 181 890 in
226 865 329 890 usus
373 850 579 905 profanos
619 860 970 892 converterentur
1013 859 1055 892 ct
1097 866 1205 907 quae
1255 851 1428 906 publice
1470 859 1719 893 consecrata

140 906 326 947 fuissent
348 906 512 946 nefario
545 922 650 947 ausu
684 907 724 946 in
761 907 1024 963 privatorum
1058 907 1280 948 commoda
1310 907 1529 959 cederent,
1552 907 1719 962 sapien·

140 962 303 1003 tissime
343 962 625 1019 providerunt
668 963 729 1004 illi
775 964 1032 1020 Principes,
1074 980 1257 1020 (piorum
1299 964 1546 1004 memoriam
1592 963 1718 1004 bodie

137 1020 385 1071 recolimus,
419 1027 460 1060 et
492 1020 566 1075 qui
597 1019 780 1060 consilio
811 1028 852 1061 ct
881 1021 1133 1062 auctoritate
1168 1020 1265 1060 illos
1295 1020 1570 1061 adiuvabant.
1628 1019 1719 1060 Hac

138 1075 606 1132 praestantissimorum
637 1077 859 1117 bominum
894 1077 1122 1133 prudentia
1159 1077 1315 1117 l'aetum
1348 1084 1430 1128 est,
1477 1084 1522 1117 ut
1555 1083 1717 1116 stemus

138 1140 180 1173 ct
220 1133 414 1174 vivamus
463 1139 504 1174 ct
548 1132 666 1189 quod
705 1133 888 1174 officium
943 1150 963 1173 a
1015 1133 1247 1174 maioribus
1291 1133 1533 1174 institutum
1580 1132 1717 1172 suerat

137 1188 398 1230 erudiendae
428 1197 470 1230 et
509 1188 562 1230 ad
604 1188 870 1244 reipublicae
912 1190 1247 1230 emolumentum
1292 1188 1626 1230 conformandae
1658 1188 1718 1228 iu-

138 1245 328 1287 ventutis
357 1245 583 1286 honestius
615 1245 889 1302 impleamus,
935 1246 1103 1287 liberati
1136 1245 1310 1301 quidem
1353 1245 1404 1285 ab
1449 1244 1518 1285 illa
1561 1244 1718 1285 sacriti-

136 1302 346 1354 eulorum,
389 1309 582 1343 veterum
614 1301 852 1343 incolarum
890 1302 1018 1343 buius
1061 1302 1264 1354 aedilicii,
1308 1300 1599 1354 mendicitate,
1642 1300 1718 1342 scd

136 1358 187 1399 ab
240 1358 394 1399 inertia
443 1366 485 1399 et
534 1358 758 1400 luxuriosa
816 1358 1014 1400 socordia
1062 1374 1213 1399 aureae
1263 1357 1571 1399 mediocritatis
1620 1357 1718 1411 lege

136 1414 409 1456 sanctissime
442 1414 666 1470 prohibiti.
729 1415 1118 1457 Praetermittimus
1154 1415 1300 1469 igitur,
1334 1414 1545 1471 quiequid
1577 1414 1717 1455 laudis

135 1471 209 1512 alii
241 1487 293 1513 ex
325 1471 489 1513 divitiis
521 1479 563 1513 et
593 1480 771 1513 externo
802 1472 1034 1529 splendore
1065 1471 1350 1528 repetendum
1395 1470 1715 1520 existimarunt,

136 1527 241 1569 satis
274 1528 520 1570 consultum
550 1543 646 1569 esse
683 1529 811 1570 rebus
844 1529 1004 1570 nostris
1037 1536 1258 1585 putantes,
1308 1527 1382 1568 ubi
1423 1527 1717 1568 subsidiorum

135 1585 386 1626 necessitati
418 1585 594 1641 publice
625 1585 930 1641 prospiciatur,
963 1593 1004 1626 et
1033 1585 1087 1625 ad
1119 1585 1285 1641 reliqua
1320 1584 1429 1625 vitae
1470 1599 1716 1639 operaeque

136 1641 422 1682 iustrumenta
463 1657 543 1682 nos
584 1642 903 1693 convertimus,
956 1641 1113 1696 quibus
1154 1657 1281 1696 quam
1328 1640 1529 1681 tuendam
1573 1640 1718 1680 desen·

136 1696 408 1753 dendamque
448 1696 722 1752 suscepimus
767 1697 896 1738 huius
939 1697 1113 1738 scholae
1153 1696 1420 1737 nobilitatem
1465 1703 1618 1736 sartam
1659 1704 1717 1735 tc·

136 1761 334 1810 etamque
365 1753 664 1795 conservaturi
695 1753 820 1794 nobis
853 1752 1064 1794 videmur.
1129 1753 1217 1793 lam
1249 1751 1324 1808 qui
1355 1751 1395 1792 iu
1425 1751 1717 1793 celebratione

136 1810 318 1851 alicuius
350 1809 521 1851 virtutis
553 1817 795 1861 versantur,
829 1809 1077 1865 praedicare
1108 1809 1250 1850 solent
1280 1823 1372 1860 eos,
1412 1808 1487 1865 qui
1516 1816 1714 1849 auctores

135 1866 326 1908 melioris
358 1867 523 1908 ordinis
555 1882 699 1907 rerum
732 1882 855 1907 usum
889 1873 931 1907 et
958 1866 1202 1921 exemplunm
1235 1865 1407 1906 virtutis
1440 1864 1568 1921 primi
1598 1864 1716 1905 insti-

137 1930 326 1974 tuerunt,
372 1931 462 1964 tum
503 1923 579 1978 qui
627 1922 836 1964 maiorum
875 1922 1025 1964 laudes
1072 1922 1268 1962 honestis
1317 1921 1527 1978 exemplis
1570 1921 1623 1961 ad
1671 1936 1716 1961 sc

135 1988 394 2035 propagatas
423 1980 514 2020 suis
545 1979 709 2020 meritis
742 1979 1067 2031 continuarunt,
1093 1978 1280 2035 denique
1311 1977 1386 2034 qui
1418 1977 1714 2020 felicissimam

134 2037 342 2076 bonarum
374 2035 529 2076 artium
555 2035 835 2077 hereditatem
866 2036 1020 2077 iisdem
1046 2035 1209 2077 artibus
1231 2035 1456 2076 continent
1478 2041 1520 2075 et
1539 2042 1715 2089 augent,

135 2100 264 2147 atque
292 2091 345 2132 ad
391 2092 498 2133 banc
530 2091 738 2133 rationem
779 2093 896 2148 quod
935 2091 1141 2133 hodierna
1181 2090 1468 2133 sollemnitate
1514 2098 1715 2146 tanquam

136 2148 396 2189 destinatum
422 2148 748 2205 iniunctumque
770 2149 896 2190 nobis
925 2148 1284 2204 estpraecouium
1303 2162 1467 2200 eorum,
1492 2147 1567 2203 qui
1589 2163 1716 2203 genc-

134 2220 196 2250 re,
230 2204 384 2251 officio,
418 2205 612 2261 ingenio,
646 2205 771 2246 dictis
804 2205 1016 2261 factisque
1050 2205 1268 2261 principes
1304 2211 1346 2244 et
1376 2210 1591 2259 tamquam
1625 2204 1713 2244 vin-

136 2260 253 2302 dices
275 2270 316 2302 et
338 2268 519 2303 statores
543 2278 666 2304 verae
691 2262 928 2304 nobilitatis
956 2262 1144 2313 fuerunt,
1167 2259 1359 2302 oratioue
1387 2274 1713 2315 persequemur.

251 2317 447 2373 Longum
479 2327 559 2371 est,
594 2320 710 2376 quod
741 2319 964 2375 plerisque
989 2317 1323 2358 Atheniensium
1354 2316 1596 2357 oratoribus
1629 2332 1712 2356 ma-

136 2373 250 2414 ximo
293 2374 538 2416 auditorum
579 2375 723 2416 studio
770 2377 1012 2432 plausuque
1051 2374 1246 2416 factitare
1286 2372 1475 2429 placuit,
1525 2373 1715 2428 quotics-

137 2446 308 2485 cunque
358 2431 490 2472 simili
541 2440 795 2487 argumento
853 2432 1168 2483 invitarentur,
1230 2438 1432 2485 tanquam
1483 2428 1524 2468 in
1571 2444 1712 2470 arcam

135 2486 266 2541 longe
299 2486 470 2542 lateque
499 2496 717 2542 patentem
750 2488 1013 2530 descendere
1040 2488 1083 2528 in
1107 2486 1268 2543 patriae
1290 2484 1458 2526 laudem
1483 2492 1525 2526 et
1548 2485 1713 2527 univer-

138 2558 227 2594 sae,
248 2551 289 2583 ct
320 2543 465 2594 buius,
491 2559 618 2598 quain
650 2545 974 2600 angustioribus
1008 2544 1166 2584 linibus
1199 2540 1567 2598 circumscriptam
1600 2557 1714 2582 nunc

138 2598 394 2639 habitamus.
469 2598 557 2639 Sed
597 2601 713 2655 quod
750 2601 929 2642 Tacitus
972 2599 1164 2654 prodidit
1203 2598 1442 2640 Frisiorum
1471 2598 1637 2654 legatos
1671 2599 1713 2638 in

138 2657 301 2697 theatro
334 2654 530 2695 Romano
571 2656 851 2705 exclamasse,
893 2657 1035 2697 nullos
1079 2655 1322 2696 mortalium
1363 2654 1490 2694 armis
1532 2661 1605 2695 aut
1631 2654 1714 2695 lide

138 2720 236 2753 ante
289 2711 526 2752 Germanos
579 2727 705 2764 esse,
759 2713 801 2753 id
844 2713 888 2753 in
939 2713 1134 2754 Saxones
1174 2726 1259 2751 non
1300 2710 1441 2751 minus
1496 2711 1711 2752 convenit.

138 2769 248 2810 Nam
278 2775 508 2824 postquam
552 2767 614 2809 illi
653 2784 675 2808 a
717 2768 1098 2825 septemtrionibus
1131 2767 1185 2809 ad
1220 2766 1428 2809 australes
1459 2766 1610 2823 plagas
1653 2782 1714 2808 se-

139 2825 214 2866 des
246 2824 557 2866 transtulerunt
579 2824 729 2864 Albim
761 2825 897 2866 secuti
927 2825 1107 2881 eiusque
1129 2825 1270 2867 fontes
1298 2832 1499 2881 tanquam
1530 2824 1712 2880 priscam

139 2881 327 2939 aliquam
355 2880 536 2939 patriam
575 2889 848 2938 quaerentes,
892 2889 933 2923 et
965 2897 1043 2939 pro
1073 2881 1287 2925 maritimo
1317 2881 1576 2924 commercio
1608 2880 1711 2924 clas-
