1835 3215
828 112 908 154 153

82 227 156 269 ille
191 227 336 284 vigeat
375 226 663 279 inveteratus,
703 240 790 282 quo
830 224 995 265 Afrana
1035 223 1192 265 Vestra
1232 222 1408 262 Portam
1450 235 1652 276 germana

82 299 326 340 germanam
364 284 567 340 amplecti
607 283 788 325 solebat.
862 281 994 334 Quod
1026 280 1083 321 ita
1113 295 1209 321 esse
1237 277 1319 319 etsi
1348 292 1470 334 spem
1503 285 1653 334 potue-

82 357 227 382 ramus
265 340 512 396 concipere,
553 356 686 396 quum
721 338 817 380 aliis
858 338 910 378 (le
952 337 1094 379 causis
1133 343 1503 392 tumpropterea,
1534 333 1652 390 quod

82 397 150 438 vel
190 397 318 439 hodie
356 405 458 454 post
497 405 560 438 tot
598 397 661 437 rei
700 395 985 437 scholasticae
1027 392 1346 434 immutationes
1386 389 1559 432 saeculo
1592 390 1654 431 in-

81 454 210 495 bente
251 462 293 495 et
332 457 542 495 clamante
587 454 718 494 factas
755 459 828 493 aut
867 451 1106 508 postulatas
1144 449 1317 491 scholae
1348 446 1653 504 provinciales,

82 518 125 552 et
164 526 274 567 quae
312 510 421 551 duae
462 510 680 551 Saxouieo
719 516 927 564 reguntur
956 507 1136 564 imperio
1169 514 1211 547 et
1241 519 1351 562 quae
1381 520 1462 544 una
1494 503 1654 544 Borus-

82 567 191 618 sict),
233 574 406 608 strenue
451 581 546 607 eum
591 566 730 622 ipsum
774 565 811 606 si
841 581 1049 605 summam
1081 570 1251 620 spectas
1285 570 1430 602 tenere
1458 575 1655 618 perseve-

80 631 176 664 rant
206 623 316 663 vitae
348 622 677 679 studiorumque
706 638 896 674 cursum,
928 637 1054 677 quem
1087 619 1323 675 prudenter
1353 618 1454 658 olim
1477 633 1499 657 a
1520 616 1655 658 Mau-

81 679 218 721 ritio
251 687 293 720 et
320 681 579 735 Augusto
605 679 901 720 conditoribus
931 675 1266 732 sapientissimis
1299 674 1543 716 institutum
1572 674 1654 714 iam

81 735 209 777 trium
253 735 522 777 saeculorum
564 751 669 776 usus
709 735 1030 791 comprobavit:
1061 733 1189 788 long-c
1224 740 1363 772 tamen
1395 729 1656 772 iucundissi—

80 809 195 834 mum
227 792 353 834 nobis
385 792 598 834 accidisse
628 808 714 833 non
745 791 1096 840 dissimulamus,
1138 789 1254 844 qimd
1288 788 1379 828 Vos
1411 803 1490 844 per
1525 787 1656 828 inter-

82 856 245 905 pretem
285 849 411 890 uobis
449 849 546 905 plus
588 864 673 889 uuo
711 848 885 888 nominc
915 855 1081 902 gratum
1114 854 1156 886 et:
1186 852 1410 901 acceptum
1444 851 1541 886 vota
1570 843 1655 884 Ve-

81 914 168 947 stra
203 913 246 947 et
286 921 413 946 sensa
455 905 525 962 pia
566 905 609 946 iu
652 905 806 945 Portae
836 912 1010 944 nostrae
1040 901 1255 943 nataliciis
1287 900 1435 956 eloqui
1466 907 1658 942 amanter

79 961 295 1004 voluistis.
361 962 644 1018 Prospectum
686 968 904 1018 praeterea
949 976 971 1001 a
1003 959 1142 1001 Vobis
1174 966 1255 1010 est,
1300 957 1397 997 Viri
1429 958 1656 999 Praestan-

81 1019 256 1073 tissimi,
301 1025 348 1060 ut
378 1018 420 1059 in
454 1018 758 1075 sempiternam
792 1017 876 1058 diei
907 1015 1245 1074 auspicatissimi
1275 1014 1522 1055 memoriam
1554 1021 1656 1055 tam-

80 1092 208 1131 quam
240 1084 566 1117 monumcntum
609 1075 781 1132 pietatis
820 1075 1003 1115 Vestrae
1042 1072 1187 1114 tabula
1220 1078 1408 1112 exstaret
1437 1087 1563 1127 quam
1596 1069 1656 1110 di-

82 1140 185 1174 eunt
213 1132 373 1186 votiva,
407 1140 448 1173 ct
480 1131 621 1173 verbis
653 1147 700 1172 ea
733 1138 937 1188 concepta
963 1127 1412 1171 honorificentissimis
1433 1127 1656 1184 tenerique

81 1190 258 1231 affectus
291 1188 557 1246 plenissimis
589 1197 630 1230 ct
661 1195 837 1229 externo
870 1187 1102 1244 splendore
1132 1185 1362 1241 insigniter
1399 1186 1652 1241 conspicua.

82 1245 188 1287 Eam
233 1245 421 1287 tabulam
462 1245 504 1286 in
545 1245 833 1286 bibliothecae
872 1252 1044 1285 nostrae
1083 1244 1269 1284 sacrario
1302 1241 1420 1282 iuxta
1450 1241 1532 1282 alia
1560 1240 1654 1282 eius

81 1301 255 1358 generis
296 1302 406 1342 dona
442 1302 577 1342 almae
607 1302 732 1342 matri
770 1308 858 1342 tum
898 1301 1040 1341 oblata
1072 1299 1298 1356 posuimus
1328 1298 1471 1338 auimo
1503 1297 1655 1353 gratis-

82 1358 192 1400 simo
223 1365 266 1400 et
300 1358 493 1399 studiose
520 1358 781 1409 curabimus,
814 1364 861 1398 ut
891 1373 1001 1412 quae
1033 1356 1077 1396 in
1109 1355 1180 1396 illa
1211 1354 1421 1410 inscripta
1449 1354 1656 1409 leguntur

83 1415 210 1456 verba
240 1415 449 1456 benevola
476 1414 654 1455 firmiter
684 1414 812 1455 infixa
844 1430 976 1470 quum
1009 1412 1168 1454 nostris
1201 1418 1527 1468 praeceptorum
1565 1418 1654 1451 tum

83 1471 319 1513 iuventutis
350 1471 573 1512 Pon-tensis
605 1470 820 1511 mentibus
851 1471 1067 1511 haereant.
1131 1469 1218 1509 lam
1240 1483 1371 1525 quum
1403 1467 1495 1508 dies
1525 1466 1657 1508 instet

81 1527 460 1585 exoptatissimus,
503 1544 588 1584 quo
630 1528 792 1568 Al'rana
833 1526 989 1567 Vestra
1037 1533 1134 1566 ante
1171 1526 1248 1565 hos
1291 1524 1402 1565 CCC
1443 1539 1578 1564 anuos
1611 1523 1654 1565 iu

82 1584 243 1640 patriae
283 1584 463 1625 salutem
508 1584 653 1640 pueris
696 1583 891 1624 discendi
924 1582 1096 1638 cupidis
1128 1589 1271 1638 aperta
1305 1589 1394 1632 est,
1435 1596 1655 1636 quumque

81 1642 276 1683 Saxones
307 1640 359 1680 ad
392 1640 690 1681 celebrandam
724 1641 817 1680 eius
847 1639 933 1679 dici
971 1639 1217 1679 memoriam
1251 1638 1499 1693 frequentes
1535 1637 1655 1677 undi-

80 1713 163 1754 que
199 1713 485 1738 concursuros
525 1705 567 1737 et
611 1697 722 1752 piam
766 1696 945 1750 gratiam
983 1695 1106 1735 matri
1145 1710 1247 1735 suae
1277 1694 1411 1734 almae
1448 1693 1656 1735 relaturos

79 1762 122 1796 et
153 1753 319 1795 sincera
352 1761 446 1794 vota
479 1760 804 1809 nuucupaturos
835 1768 930 1793 csse
962 1752 1271 1801 audiverimus,
1302 1751 1453 1791 deesse
1485 1765 1563 1791 nos
1596 1752 1657 1791 ot'-

80 1810 177 1853 licio
212 1817 363 1852 nostro
395 1810 612 1851 noluimus
635 1803 920 1866 misimiisque
946 1809 996 1849 ad
1025 1806 1136 1860 Vos,
1165 1807 1262 1848 Viri
1298 1806 1655 1860 Honoratissimi,

80 1867 330 1909 Carolum
363 1866 604 1907 Heilium
638 1866 809 1908 scholae
842 1875 1013 1907 nostrae
1045 1866 1364 1921 professorem,
1407 1863 1482 1920 qui
1513 1872 1657 1904 aueto-

80 1925 205 1966 ritate
245 1923 420 1980 publica
457 1931 605 1964 nostro
638 1924 826 1963 omnium
858 1922 1033 1963 nomine
1065 1921 1204 1962 Vobis
1240 1920 1498 1976 Vcstrisquc
1525 1920 1656 1961 alunn-

80 1981 147 2022 uis
189 1996 286 2021 eum
327 1979 437 2021 diem
480 1996 532 2020 ex
573 1980 715 2020 animo
757 1980 1128 2035 congratularetur
1171 1986 1422 2033 peteretque
1462 1993 1483 2017 a
1521 1977 1657 2018 Vobis

80 2037 393 2094 maximopere,
438 2044 484 2077 ut
513 2036 741 2077 candidum
772 2052 957 2077 amorem
988 2052 1113 2091 quem
1149 2034 1395 2090 nuperrime
1428 2034 1657 2075 manifesto

80 2095 173 2136 Vos
210 2093 336 2134 nobis
367 2092 620 2134 ostendistis
653 2093 968 2134 conservaretis
1002 2101 1044 2133 ct
1072 2092 1255 2132 euudem
1286 2091 1327 2131 in
1370 2092 1529 2131 nostris
1570 2090 1656 2131 ani-

81 2151 162 2192 mis
193 2150 340 2206 vigere
373 2149 622 2190 crederetis.
684 2149 824 2190 Simul
859 2165 1112 2207 persuasum
1144 2148 1314 2197 habete,
1348 2147 1443 2187 Viri
1471 2147 1656 2203 Optimi,

79 2223 159 2248 nos
191 2208 247 2248 ita
290 2221 375 2246 non
420 2205 518 2246 ideo
558 2205 728 2260 egisse,
782 2215 827 2246 ut
866 2205 1137 2247 ambitiosius
1170 2220 1295 2260 quam
1339 2203 1560 2244 sincerius·
1582 2221 1659 2261 par

80 2263 174 2321 pari
212 2263 468 2304 referremus
513 2262 853 2318 humanitatique
894 2278 945 2303 ex
984 2263 1241 2302 urbanorum
1287 2260 1506 2300 homiuum
1538 2277 1657 2302 more

80 2320 450 2362 satisfaceremus:
490 2318 566 2358 sed
613 2333 711 2359 vcra
752 2320 982 2373 flagrantes
1024 2318 1182 2375 pietate
1221 2325 1261 2357 et
1300 2317 1409 2357 bene
1440 2332 1519 2357 nos
1553 2333 1657 2374 quo-

81 2392 165 2431 que
197 2374 470 2432 cognationis
500 2381 673 2414 nostrae
717 2391 925 2416 memores
965 2391 1013 2415 ae
1054 2374 1387 2424 beneficiorum,
1435 2389 1544 2429 quae
1587 2390 1657 2415 res

80 2433 307 2474 Portensis
339 2430 585 2471 liberalitati
618 2431 767 2487 stirpis
808 2432 1053 2488 principum
1098 2430 1411 2471 Saxouieoruni
1451 2439 1657 2486 augustae

80 2489 179 2530 inde
207 2490 257 2530 ab
290 2486 565 2528 incunabulis
598 2502 674 2542 per
706 2496 787 2529 tam
826 2488 984 2529 multos
1016 2503 1150 2528 annos
1182 2487 1331 2528 debuit
1362 2494 1490 2543 atque
1512 2487 1656 2527 ctiam-

81 2562 195 2588 nunc
234 2543 551 2602 quodammodo
593 2536 742 2597 debet,
792 2546 927 2585 bonae
960 2543 1194 2585 voluntatis
1227 2551 1398 2584 nostrae
1428 2543 1657 2585 amicitiae-

81 2618 166 2659 que
196 2600 492 2643 testimonium
524 2600 725 2643 exhihere
752 2601 892 2643 Vobis
926 2601 1184 2658 cupivimus.

195 2714 343 2766 Quum
384 2719 523 2752 autem
563 2713 745 2768 plurima
789 2723 934 2756 essent
973 2715 1113 2756 Vobis
1143 2724 1184 2756 et
1229 2715 1353 2756 uobis
1394 2713 1654 2765 communia,

82 2769 133 2810 de
166 2769 322 2824 quibus
362 2768 404 2809 in
435 2768 552 2809 exitu
585 2770 745 2810 saeculi
778 2771 1017 2812 scholarum
1052 2780 1293 2813 nostrarum
1327 2771 1439 2813 tertii
1474 2770 1657 2810 feliciter

84 2825 285 2866 transacti
324 2823 452 2865 verba
493 2825 545 2865 ad
585 2826 677 2867 Vos
721 2828 859 2868 faeere
901 2844 1144 2883 possemus,
1180 2845 1308 2869 tanum
1342 2825 1652 2874 tautummodo,

83 2883 124 2922 in
158 2897 244 2938 quo
287 2879 558 2937 potissimum
589 2883 816 2938 gratulatio
848 2893 996 2925 nostra
1029 2885 1303 2937 consisteret,
1344 2882 1534 2936 deligere
1566 2880 1654 2937 pla-
