1835 3215
848 101 930 142 215

107 216 274 257 iudices
315 214 486 256 laudem
525 213 678 270 adepta
715 222 795 254 est.
871 212 1139 269 Magistri
1176 218 1336 266 autem,
1376 212 1676 254 antistites

108 279 150 313 et
181 269 493 327 coryphaei
523 270 652 310 huius
686 270 922 326 palaestrae
950 269 1272 322 celeberrimae,
1314 282 1498 325 quorum
1538 269 1676 309 oculis

104 327 235 369 hodie
263 327 358 383 ipsa
386 325 579 367 Minerva
606 325 765 367 laetum
796 325 1002 366 honorem
1041 325 1232 378 adflavit,
1279 331 1326 365 ut
1366 323 1495 365 vitam
1526 324 1677 366 transi-

107 391 210 439 gant
241 383 490 423 meritorum
523 381 723 436 praemiis
756 381 1029 433 illustratam,
1061 380 1394 432 ornatissimam,
1426 380 1593 420 beatam
1625 395 1678 421 cx

107 439 249 480 animo
282 453 445 494 precor.
510 438 692 479 Desinat
722 437 855 493 igitur
893 438 1192 493 rogatiuncula
1225 443 1370 477 nostra
1412 436 1456 476 iu
1500 435 1678 477 solenne

105 495 234 536 liuius
258 493 467 550 symposii
489 494 833 549 apophthegma:
858 494 1009 535 vivat
1034 493 1194 549 inclyta
1222 500 1414 533 nostra
1445 492 1676 541 Asrana,

105 551 269 608 patriae
302 550 433 590 decus
468 556 508 590 ct
549 557 860 600 ornamentum,
904 559 950 591 ut
992 549 1380 590 anniversariorum
1421 547 1677 589 secularium

107 606 278 648 sodales
300 605 485 660 proximi
505 621 551 645 sc
582 606 669 646 voti
696 606 833 648 nostri
849 622 943 647 reos
964 605 1088 647 fateri
1111 611 1287 662 queant,
1311 604 1462 647 vivat
1483 604 1677 661 inquam,

108 662 319 704 floreat
347 667 476 718 atque
508 661 696 717 vigeat
725 663 774 704 in
808 662 1233 719 sempiternum!

850 977 938 1036 37.

105 1143 218 1196 Sal
234 1143 454 1196 utatio
494 1139 616 1193 Viri
654 1136 940 1212 Magnifiei
980 1150 1030 1192 et
1065 1137 1500 1205 Generosissimi‚
1526 1137 1683 1193 Chri-

105 1228 349 1301 stophori
386 1227 426 1280 F
431 1226 650 1280 riderici
700 1226 736 1278 d
752 1246 780 1278 e
819 1226 872 1278 Α
887 1244 941 1278 m
956 1244 1010 1278 m
1027 1244 1057 1279 o
1072 1246 1125 1292 n,
1167 1228 1236 1280 ab
1285 1226 1360 1281 Io.
1421 1225 1681 1298 Theoph.

142 1312 199 1367 K
213 1314 556 1386 reyssigio
584 1314 722 1366 inter
747 1314 936 1386 epulas
960 1314 1249 1366 sollemnes
1273 1311 1324 1365 d.
1346 1309 1645 1364 III.1n.Jul.

216 1397 677 1454 MDCCCXLHI.
718 1411 1008 1473 apparatas
1048 1419 1121 1454 ex
1160 1410 1405 1474 tempore
1439 1398 1578 1454 fusa.

106 1561 215 1603 Iure
249 1560 435 1616 quodam
466 1574 576 1612 meo,
610 1559 691 1601 Vir
718 1559 952 1614 Magnifice
981 1568 1023 1601 ct
1055 1560 1420 1614 Generosissime,
1459 1561 1526 1604 Te
1566 1577 1682 1602 verc-

108 1616 264 1668 cundc,
306 1624 352 1656 ut
389 1631 467 1670 par
499 1624 580 1668 est,
617 1616 909 1670 compellandi
946 1617 1216 1671 provinciam
1248 1618 1353 1659 mihi
1390 1634 1495 1675 prae
1527 1617 1682 1659 ceteris

107 1674 342 1728 deposcere
373 1671 539 1723 videor,
573 1671 735 1727 quippe
768 1671 843 1727 qui
874 1672 988 1712 haud
1019 1672 1146 1712 dubie
1170 1673 1378 1727 omnium,
1410 1674 1486 1730 qui
1510 1673 1681 1723 adsunt,

105 1728 346 1769 diutissime
374 1726 441 1768 Te
482 1727 691 1783 Tuasque
733 1727 915 1768 virtutes
956 1728 1164 1769 noverim.
1227 1731 1359 1771 Anno
1401 1730 1516 1770 enim
1556 1729 1683 1770 huius

106 1783 270 1825 saeculi
300 1791 471 1839 quarto,
516 1799 648 1838 quum
681 1799 734 1824 ex
775 1783 994 1824 literarum
1046 1785 1328 1826 universitate
1381 1785 1682 1841 Gottingensi,

106 1839 357 1881 docentium
408 1839 656 1880 celebritate
703 1847 745 1880 et
784 1839 1046 1880 discentium
1097 1841 1341 1897 frequentia
1379 1849 1468 1883 tum
1508 1841 1682 1898 quidem

105 1897 237 1950 longe
269 1895 593 1947 florentissima,
634 1895 688 1935 ad
726 1895 1038 1950 Erlangenscm
1082 1897 1274 1938 doctrina
1306 1897 1403 1938 Tua
1432 1905 1562 1952 atque
1593 1913 1684 1938 cru-

107 1951 272 1992 ditioue
303 1966 451 1992 rursus
480 1951 714 1992 ornandam
746 1951 1008 2004 discederes,
1041 1952 1107 1994 Te
1138 1969 1213 2008 pro
1238 1954 1445 1995 concione
1471 1954 1684 1995 dicentem

105 2007 291 2063 primum
335 2006 480 2048 audivi
512 2015 642 2063 atque
684 2006 919 2048 admiratus
952 2024 1062 2050 sum.
1126 2009 1190 2050 Eo
1230 2010 1369 2065 magis
1415 2010 1571 2063 laetor,
1617 2009 1684 2050 Te

106 2064 268 2120 ipsum,
307 2063 352 2103 in
384 2078 470 2118 quo
514 2063 710 2103 Platonis
750 2063 1021 2116 suavitatem,
1058 2065 1314 2107 Aristotelis
1359 2081 1558 2118 acumen,
1599 2065 1684 2107 Dc·

107 2119 346 2160 mosthcnis
385 2119 470 2159 vim
507 2125 549 2158 ct
589 2118 814 2160 Ciceronis
857 2119 1102 2161 facundiam
1143 2122 1403 2162 admiramur
1446 2130 1576 2178 atque
1616 2137 1685 2163 su·

108 2176 336 2231 spicimus,
379 2173 673 2214 saecularibus
712 2175 883 2216 scholae
912 2177 1103 2217 Afranae
1143 2178 1444 2230 sollemnibus,
1478 2193 1605 2234 quae,
1639 2186 1685 2219 ut

109 2231 295 2272 Romani
334 2230 639 2286 loquebantur,
667 2245 746 2271 nce
778 2231 990 2285 spectavit
1021 2233 1269 2288 quisquam,
1299 2248 1379 2275 nee
1410 2241 1683 2289 spectaturus

110 2294 191 2336 est,
224 2287 390 2328 salvum
424 2286 769 2340 incolumemque
801 2287 1025 2328 iuteresse.
1088 2289 1222 2343 Agite
1264 2289 1412 2343 igitur,
1455 2289 1551 2330 Viri
1592 2290 1682 2330 suis

110 2343 298 2397 quisque
347 2342 596 2382 nominibus
643 2341 968 2397 honoribusque
1018 2343 1449 2395 Condecoratissimi,
1490 2345 1683 2401 mihique

110 2398 278 2439 Tibulli
310 2398 438 2438 verba
466 2397 618 2438 leviter
647 2396 868 2438 immutata
902 2398 1040 2439 Vobis
1072 2401 1297 2454 praeeunti
1338 2401 1450 2442 inter
1490 2402 1683 2457 auspica-

107 2453 273 2496 tissima
320 2453 449 2494 huius
500 2452 586 2493 diei
641 2452 866 2494 sollemnia
911 2454 1015 2495 laeti
1058 2455 1345 2513 iubentesque
1395 2458 1676 2501 succlamante:

220 2566 475 2608 Ammoni
505 2564 613 2605 bene
643 2567 716 2618 sit,
746 2580 825 2607 sua
859 2568 1040 2624 quisque
1073 2568 1132 2609 ml
1158 2568 1320 2623 pocula
1350 2570 1482 2619 dicat,

334 2634 507 2675 *Nomen
539 2641 578 2674 el
610 2642 838 2690 augustum
871 2636 1046 2691 sinqnla
1077 2636 1213 2678 verba
1244 2646 1415 2679 senen&
