1835 3215
798 155 884 198 243

55 270 240 328 tripede,
273 276 439 324 catena,
472 269 667 326 perticiS,
697 277 827 327 atque
857 275 1066 326 quantum
1094 281 1172 323 per
1197 264 1347 308 tubum
1372 261 1633 306 vocaliorem

53 343 135 369 vox
166 328 348 368 bumana
380 334 421 368 et
451 326 586 368 oratio
618 341 882 378 accrescere,
919 326 964 366 in
1006 331 1215 381 quantum
1245 320 1374 379 spatii
1404 326 1635 377 penetrare

52 391 217 440 posset,
258 383 381 440 quasi
422 399 511 424 rem
551 382 735 440 primum
769 382 1000 434 factitaret‚
1033 380 1216 437 impigra
1249 377 1455 421 facilitate
1486 391 1634 442 exper-

56 448 124 481 tus
157 448 239 494 est,
273 440 349 480 sed
382 439 494 481 idem
525 447 665 480 tamen
697 439 843 491 simul,
876 453 986 494 quae
1013 444 1159 479 essent
1187 436 1232 478 in
1265 449 1437 492 quaque
1467 449 1515 475 re
1548 448 1634 497 an}-

53 496 359 538 madvertenda
403 504 444 537 et
486 495 710 550 discenda,
750 495 968 537 subtiliter
1007 493 1188 550 rogabat
1219 499 1262 535 et
1291 490 1486 534 docebat.
1548 489 1635 531 ch

54 568 228 610 quoque
258 552 324 594 vir
354 551 523 609 placida
552 561 803 609 compostus
834 567 940 609 paee
969 549 1189 608 quiescat!

167 663 339 718 Quodsi
381 679 518 721 pauca
565 680 674 721 quae
717 665 905 706 breviter
936 661 1141 705 memoria
1173 668 1215 703 et
1243 659 1541 703 recordatione
1572 674 1635 701 re-

51 720 161 778 petis
184 719 287 761 satis
310 728 569 772 monstrant,
602 721 764 778 ubique
797 722 840 762 in
873 720 1083 772 Astanco,
1113 725 1161 760 ut
1191 717 1436 759 etiamnunc
1465 718 1528 771 fit,
1551 717 1635 774 pri-

50 793 119 818 mo
162 777 291 818 huius
332 777 495 818 sacculi
529 777 740 819 decennio
770 776 956 818 maxime
987 776 1118 817 altera
1150 782 1271 831 parte
1303 773 1506 815 nutritam
1537 789 1635 815 esse

49 833 308 875 hilaritatem
362 833 588 884 iuvenum,
642 835 685 875 id
738 833 854 890 quod
904 832 1089 890 probare
1141 830 1439 887 suscepimus,
1489 846 1635 872 nonne

51 905 199 932 omnes
221 891 332 931 hanc
358 890 663 946 praestantiam
693 890 827 931 almae
855 888 1003 930 matris
1034 894 1155 943 grato
1175 887 1307 928 animi
1329 902 1460 928 sensu
1482 902 1635 942 agnos-

51 963 216 999 camuS,
255 946 533 988 recordantes
577 947 757 1003 insuper
799 961 910 1003 quae
953 945 1083 986 fuerit
1122 944 1363 984 animorum
1401 943 1637 1000 puerilium

51 1003 281 1055 festivitas,
314 1019 410 1044 eum
446 1017 524 1059 per
561 1011 767 1045 aestatem
808 1002 929 1044 coelo
976 1002 1147 1043 favente
1175 1000 1532 1057 praeceptoribus
1562 1000 1636 1042 du·

51 1060 173 1101 cibus
200 1059 550 1101 ambularemus?
583 1060 724 1114 Quam
747 1058 951 1116 expedito
975 1074 1104 1100 cursu
1126 1057 1213 1114 ipsi
1235 1056 1432 1112 magistri
1453 1057 1495 1097 in
1518 1072 1636 1098 mon-

51 1124 134 1158 tem
170 1116 403 1173 Olympum
437 1116 692 1173 vicinosque
731 1117 864 1159 colles
904 1113 1242 1166 adscendebant,
1273 1115 1380 1154 sitos
1420 1114 1473 1154 ad
1504 1113 1634 1167 viam,

51 1188 160 1229 qnae
191 1173 303 1213 infra
333 1172 548 1214 Misenam
579 1189 716 1231 prope
748 1174 898 1216 Albim
930 1171 1081 1214 Risam
1113 1170 1247 1224 ducit,
1288 1177 1418 1227 atque
1448 1169 1635 1228 discipu-

50 1229 116 1271 los
146 1236 270 1271 vetus
304 1228 413 1271 illud
445 1245 617 1272 carmen

498 1315 632 1368 Laus,
665 1316 803 1357 honos
836 1323 878 1358 et
910 1316 1050 1372 gloria

496 1372 797 1428 praepotenti,
1036 1388 1039 1389 ⁷

500 1427 661 1469 Fausta
692 1428 820 1471 nobis
850 1435 1045 1485 tempora

497 1484 729 1536 Afferenti,

502 1540 596 1582 Hos
627 1541 780 1582 modos
812 1541 884 1583 dat
914 1555 1106 1583 consona

503 1597 677 1652 Lingua
709 1599 862 1651 menti,

500 1653 662 1695 Nostra
691 1653 842 1709 lingua
873 1653 1025 1707 menti,

52 1750 257 1785 canentes
281 1758 408 1799 quam
438 1742 552 1785 laeto
591 1743 713 1784 vultu
745 1743 994 1797 audiebant,
1019 1750 1181 1800 quanto
1203 1741 1361 1799 gaudio
1381 1744 1635 1799 spectabant

55 1808 97 1840 et
129 1800 253 1841 folles
287 1808 328 1841 et
357 1799 468 1857 pilas
499 1799 709 1857 pellentes
737 1808 867 1856 atque
900 1800 1164 1843 iaculantes!
1227 1798 1316 1841 Sed
1341 1800 1470 1843 audio
1492 1801 1635 1843 admo·

53 1863 222 1906 nentes,
251 1857 459 1897 utendum
493 1872 588 1898 esse
607 1855 822 1898 versiculo
843 1856 1108 1913 Virgifiano,
1128 1871 1215 1914 quo
1244 1856 1452 1912 Rlugiu
1465 1874 1502 1912 s,
1536 1874 1635 1902 cum

52 1912 228 1955 finiebat
259 1913 426 1955 scholas
459 1913 699 1968 Hebraeas,
732 1913 948 1968 utebatur,

250 2025 449 2068 Claudite
481 2025 564 2067 iam
594 2025 729 2081 rivos,
761 2026 912 2083 pueri5
943 2033 1008 2069 sat
1036 2034 1158 2084 prata
1188 2024 1408 2069 biberunt.

56 2137 143 2179 Sed
175 2145 315 2179 tamen
347 2153 462 2179 nunc
492 2152 717 2193 precemur
749 2153 917 2180 sursum
941 2145 1117 2196 pectora
1143 2139 1419 2192 extollentes,
1445 2147 1493 2181 ut
1511 2138 1634 2182 Deus

56 2195 110 2236 Ο.
147 2193 207 2235 Μ.
240 2195 284 2235 in
318 2202 509 2251 tempora
545 2193 710 2234 infinita
741 2195 855 2237 hunc
886 2195 1091 2238 iuvenum
1122 2196 1273 2237 ludum
1307 2212 1330 2237 a
1360 2195 1634 2239 Mauricio

56 2251 224 2292 fortiter
263 2258 306 2292 et
342 2250 581 2307 prudenter
621 2258 816 2305 apertum
855 2251 1031 2294 numine
1079 2267 1159 2294 suo
1199 2252 1402 2309 amplecti
1443 2260 1487 2294 et
1521 2254 1636 2295 tueri

56 2307 161 2349 velit
186 2323 234 2349 ac
260 2314 468 2364 quantum
492 2306 584 2347 fieri
607 2306 764 2361 possit,
796 2322 967 2363 augere,
997 2316 1045 2350 ut
1074 2308 1117 2349 in
1140 2308 1247 2365 ipsis
1269 2308 1508 2350 animorum
1528 2325 1633 2366 pne-

57 2363 203 2405 rilium
228 2363 344 2406 ludis
375 2370 416 2404 et
448 2362 659 2419 sapientia
689 2362 799 2405 laete
829 2371 1010 2418 crescat,
1043 2372 1084 2406 et
1114 2364 1340 2421 integritas
1371 2366 1635 2424 castitasque

56 2436 222 2462 morum
265 2427 307 2461 et
351 2419 546 2461 doctrina
588 2419 727 2475 ampla
767 2420 1028 2476 subtilisque
1069 2428 1110 2462 et
1141 2436 1242 2463 vero
1274 2421 1400 2463 etiam
1432 2422 1533 2465 inde
1565 2439 1635 2464 na-

57 2492 181 2527 scens
203 2476 247 2518 in
272 2475 529 2532 corporibus
563 2474 679 2516 sanis
710 2476 894 2519 salubris
922 2477 1115 2522 hilaritas
1147 2478 1230 2522 hoc
1259 2477 1304 2520 in
1337 2494 1459 2523 sacro
1489 2487 1636 2523 monte

57 2540 267 2590 perpetuo
297 2531 603 2576 conservetur!
644 2530 766 2574 Dixi.

1272 2981 1349 3024 16‘
