1835 3215
901 135 984 177 ⁶242
1043 147 1046 150 ⁴

153 247 257 290 laria
297 256 337 289 ct
379 248 487 289 seria
526 261 635 303 quae
677 247 771 303 ipsc
808 251 1127 308 conscripserat
1158 249 1508 294 adolescentulus
1540 267 1636 295 cum
1670 267 1734 295 es-

154 313 236 357 501,
280 320 477 362 quaeque
517 318 569 343 ex
613 303 828 347 Germano
860 306 904 347 iu
943 307 1146 348 Latinum
1181 314 1464 361 converterat,
1498 308 1540 349 in
1572 310 1733 366 quihus

155 369 277 403 erant
309 362 436 402 etiam
470 359 657 402 carmina
699 376 835 416 sacra,
871 363 1082 406 recitavit.
1146 363 1241 405 Etsi
1282 372 1422 405 autem
1455 366 1733 408 asthmaticus

155 418 380 459 videbatur
413 432 524 469 esse,
560 424 702 458 tamen
736 426 781 460 ut
813 419 1024 477 elegantia
1054 420 1111 462 ita
1140 420 1410 462 volubilitate
1442 421 1528 463 oris
1556 423 1735 464 excelle-

154 477 240 517 bat.
307 474 446 515 Unum
488 474 660 515 all'eram
690 476 898 519 cmultis.
978 477 1156 534 Aliquis
1196 492 1345 519 vocem
1384 478 1567 531 παῖδες,
1617 480 1735 534 quod

154 532 267 589 apud
298 531 635 587 Xenophontem
669 530 710 573 in
742 547 792 575 eo
823 533 937 586 loco,
968 534 1019 575 de
1050 549 1137 591 quo
1169 533 1510 590 disputabamus,
1540 534 1733 576 additum

155 590 313 645 leg-itur
354 582 548 642 ἄρρενες,
599 604 693 629 011111
745 603 823 645 per
868 591 1166 647 pleonasmum
1204 590 1458 646 explicaret,
1502 591 1733 648 qnaesivit,

153 646 187 686 si
223 653 334 686 reete
374 644 565 695 memini,
608 660 708 686 num
748 661 800 686 ex
844 647 976 703 pallio
1019 655 1318 703 cognosceret,
1360 647 1479 689 solos
1512 648 1597 689 dici
1629 663 1734 690 voce

154 702 309 751 παῖδές
350 700 478 753 lilios,
520 716 661 757 neque
704 703 917 758 permisit,
959 712 1005 745 ut
1037 704 1072 745 is
1104 703 1355 747 Weislaii
1386 703 1538 760 patris,
1573 704 1649 761 qui
1682 704 1734 746 de

155 757 416 814 pleonasmis
449 758 683 814 scripserat
711 759 923 811 libellum,
956 776 1084 818 quem
1108 760 1231 801 multi
1256 760 1568 817 discipulorum
1592 777 1734 802 nume-

151 823 239 856 rata
301 822 397 855 ante
451 814 632 871 pecnnia
679 825 958 872 paraverant,
1018 816 1274 859 auctoritate
1326 817 1597 865 abuteretur,
1658 818 1734 859 sed

153 871 405 928 postulavit,
442 879 486 912 ut
526 880 681 928 suopte
722 873 899 928 ingenio
940 874 1197 915 sententiam
1239 889 1360 915 suam
1393 874 1610 930 probaret.
1672 874 1734 915 lta

152 944 252 969 vero
276 928 613 984 disputationem
637 928 951 985 discipulorum
977 931 1294 984 moderabatur,
1326 938 1370 971 ut
1393 938 1435 971 et
1467 930 1733 987 colloquium

151 985 375 1027 adiuvaret
411 992 451 1025 01
493 1000 593 1026 vero
639 985 764 1027 etiam
808 1002 875 1027 res
920 987 1174 1044 praecipuas
1218 995 1258 1028 ct
1285 1001 1455 1028 omnem
1488 1002 1631 1028 carum
1665 987 1734 1028 de-

153 1058 325 1084 cursum
371 1041 414 1082 in
459 1043 603 1084 charta
646 1042 959 1099 perscriberet,
1013 1045 1218 1100 {initaque
1261 1043 1581 1100 disputatione,
1623 1059 1734 1100 quae

152 1098 481 1165 perscripserat,
511 1098 659 1140 multis
691 1099 855 1141 salibus
888 1100 1065 1154 additis,
1093 1100 1311 1153 recitaret,
1346 1107 1391 1141 ut
1431 1099 1539 1141 viam
1582 1100 1734 1141 factam

152 1172 296 1198 iocosa
337 1155 521 1212 quadam
568 1155 785 1198 celeritate
822 1165 1131 1213 repeteremus.
1197 1157 1305 1198 Viro
1340 1156 1504 1212 optimo
1536 1157 1734 1199 doctissi-

149 1228 306 1270 moque
339 1213 395 1254 sit
427 1219 534 1254 terra
561 1212 696 1254 levis!

263 1323 535 1365 Liidickii
567 1339 685 1376 vero,
719 1323 938 1367 auditores
969 1323 1310 1376 honoratissimi,
1337 1324 1652 1368 commilitones
1674 1324 1733 1367 di-

148 1380 393 1431 lectissimi,
427 1380 562 1421 nolitc
595 1380 810 1436 suspicari
842 1397 938 1423 esse
971 1397 1036 1424 me
1061 1382 1261 1435 oblitum,
1283 1382 1407 1424 cuius
1440 1382 1643 1424 famulum
1666 1397 1733 1424 me

149 1439 287 1480 fuisse
320 1452 487 1479 summo
518 1437 623 1478 mihi
646 1437 792 1479 decori
813 1438 942 1480 duco.
1004 1439 1091 1480 Sed
1125 1439 1165 1479 in
1199 1438 1325 1479 huius
1354 1438 1639 1495 integerrimi,
1664 1439 1733 1480 be·

148 1493 494 1537 nevolentissimi
535 1493 912 1552 placidissimiquc
948 1495 1028 1537 viri
1068 1495 1311 1537 admirabili
1343 1495 1566 1552 patientia,
1605 1496 1734 1537 comi-

150 1561 252 1604 tate,
294 1551 431 1607 gratia
470 1550 783 1608 conquiescere
826 1551 1050 1608 aptissime
1090 1560 1133 1593 et
1161 1552 1291 1594 finem
1322 1551 1516 1595 invenire
1546 1552 1733 1593 oratiun-

150 1609 246 1650 cula
292 1624 383 1649 mea
415 1607 590 1663 poterit.
652 1607 972 1650 Liidichius
1014 1609 1165 1663 igitur,
1199 1609 1281 1650 etsi
1309 1608 1362 1649 ab
1393 1608 1732 1650 adolescentulis

150 1663 449 1723 petulantibus
482 1663 621 1704 minor
653 1663 709 1717 ei,
745 1679 873 1720 quam
905 1664 1086 1706 decebat
1121 1672 1251 1720 atque
1283 1665 1346 1706 fas
1377 1674 1483 1715 erat,
1517 1665 1733 1706 interdum

154 1720 421 1762 tribuebatur
451 1719 708 1769 reverentia,
743 1736 877 1776 quum
910 1720 1169 1777 disciplinae
1206 1720 1530 1762 mathematicae
1563 1720 1733 1762 ieiunae

150 1785 192 1819 et
234 1777 376 1818 minus
411 1775 642 1832 l'rugiserae
671 1776 919 1818 viderentur
950 1792 1063 1830 esse,
1105 1784 1243 1818 tamen
1276 1784 1485 1833 perpetua
1517 1777 1732 1819 comitatis

149 1834 364 1875 hilaritate
403 1849 525 1884 usus,
568 1848 678 1889 quae
719 1840 887 1898 poterat
920 1832 1062 1874 iocose
1095 1848 1269 1890 quoque
1302 1834 1514 1875 tractavit.
1579 1833 1731 1890 Neque

154 1899 316 1932 tantum
348 1890 452 1930 artis
484 1890 809 1932 mathematicae
839 1890 1049 1931 elementa
1082 1890 1302 1946 exposuit,
1332 1905 1475 1947 neque
1508 1890 1731 1932 chronolo-

148 1947 243 2004 giae
272 1946 514 1987 enucleavit
544 1946 733 1987 rationes
764 1946 922 1999 solum,
958 1962 1106 1987 verum
1138 1946 1264 1987 etiam
1296 1962 1373 2003 per
1406 1946 1517 1989 coeli
1546 1955 1658 1988 astra
1690 1954 1732 1988 et

151 2003 287 2061 spatia
322 2002 462 2055 duxit,
501 2002 675 2043 nomina
718 2003 937 2044 stellarum
971 2012 1012 2044 et
1044 2003 1294 2044 historiolas
1327 2003 1547 2045 fabulosas
1577 2004 1730 2044 Psaffio

152 2060 260 2101 duce
296 2059 481 2116 aliisque
514 2075 736 2116 exponens
769 2068 897 2116 atque
930 2060 971 2100 in
1001 2060 1314 2101 architecturae
1346 2060 1540 2115 porticus
1570 2060 1730 2102 colum-

149 2117 217 2157 nis
251 2116 532 2173 splendentes
565 2125 693 2172 atquc
726 2116 770 2157 in
803 2116 896 2173 ipsa
930 2116 1088 2172 templa
1119 2117 1296 2158 deorum
1327 2124 1370 2158 et
1399 2116 1527 2158 aedes
1551 2117 1727 2158 sanctis-

151 2174 279 2215 simas
313 2172 406 2214 aevi
451 2172 579 2213 medii
619 2173 904 2228 introspicere
943 2181 984 2214 et
1018 2173 1213 2229 pontium
1248 2180 1388 2229 partes
1422 2173 1656 2227 disponere
1688 2181 1730 2215 ct

151 2245 411 2287 componere
443 2229 606 2271 docuit.
670 2229 846 2271 Lutlicri
879 2229 1095 2287 quoddam
1129 2245 1285 2286 genus,
1315 2236 1361 2271 ut
1392 2228 1604 2283 dicebam,
1641 2245 1728 2271 non

149 2286 342 2328 removit.
404 2285 461 2327 Ut
493 2287 536 2326 in
568 2286 764 2343 physicis
796 2302 881 2327 11011
923 2286 1155 2340 recusavit,
1194 2285 1231 2327 si
1266 2285 1381 2342 quis,
1423 2285 1498 2326 ubi
1540 2285 1592 2327 de
1633 2291 1729 2328 acre

150 2344 357 2398 agebatur
397 2351 437 2384 et
479 2344 626 2396 antlia,
669 2351 876 2399 quantum
909 2343 1002 2385 fieri
1036 2351 1221 2400 poterat,
1255 2341 1459 2384 conclusa
1488 2342 1530 2382 in
1562 2358 1728 2400 campa-

149 2400 251 2440 nula
294 2400 424 2439 vitrea
467 2399 577 2440 a'eris
620 2415 718 2456 pars
752 2400 1102 2451 imminuebatur,
1143 2399 1441 2456 passerculum
1473 2405 1515 2440 et
1546 2407 1646 2455 post
1671 2400 1729 2441 la·

150 2463 305 2497 vertam
350 2455 661 2497 subiiciendam
705 2456 1019 2513 suppeditavit,
1066 2464 1194 2512 atquc
1224 2455 1452 2499 nobiscum
1493 2455 1726 2511 gaudebat,

151 2513 187 2553 si
220 2512 414 2552 immisso
443 2528 591 2552 rursus
624 2528 701 2568 per
731 2513 916 2555 fistulam
948 2518 1044 2554 aiii-e
1075 2512 1353 2569 passerculus
1376 2526 1512 2568 paene
1531 2520 1727 2554 mortuus

149 2568 323 2619 revixit,
357 2576 485 2623 atque
518 2569 555 2608 si
587 2569 743 2610 lacerta
775 2569 920 2612 renisa
951 2569 1133 2611 multum
1160 2576 1240 2610 est.
1303 2567 1531 2609 Parvulam
1561 2568 1728 2610 mediae

151 2626 262 2667 inter
292 2623 485 2665 aedilicia
518 2639 640 2665 areae
673 2634 854 2681 partem,
877 2641 986 2683 quae
1019 2634 1106 2667 tum
1138 2624 1345 2682 primauis
1369 2623 1634 2666 hortulorum
1667 2625 1727 2666 in-

151 2690 238 2724 star
268 2689 372 2722 erat.
406 2681 727 2723 accuratissime
759 2691 801 2724 ct
833 2698 1034 2724 emensus
1063 2689 1128 2723 est
1158 2689 1199 2723 et
1230 2681 1282 2722 ad
1305 2681 1408 2723 artis
1440 2681 1726 2737 geometricae

148 2738 322 2794 regulas
369 2737 616 2785 distribuit,
663 2746 791 2794 111111ιο
832 2739 906 2780 ubi
949 2738 1167 2792 legumina
1209 2738 1522 2794 maximamque
1562 2744 1726 2793 partem

148 2795 277 2836 flores
314 2793 518 2851 pulchelli
549 2801 698 2848 postca
734 2795 943 2845 nitebant,
972 2795 1157 2836 libenter
1186 2794 1238 2836 de
1270 2793 1535 2850 singularum
1567 2794 1725 2851 portio-

146 2868 252 2893 num
293 2850 502 2893 frnctibus
534 2865 628 2891 cum
661 2850 847 2905 singulis
877 2851 1083 2907 primanis
1117 2850 1389 2907 loquebatur.
1451 2849 1543 2892 Nec
1581 2850 1723 2892 minus

150 2910 230 2951 enh
274 2908 343 2949 dio
389 2914 702 2963 geometrarum
743 2906 883 2947 studia
923 2915 1174 2962 persecutus
1215 2916 1280 2950 est
1311 2906 1500 2949 adhibita
1528 2906 1721 2949 mensula
