1835 3215
899 116 979 160 154

154 227 259 270 cuit.
318 228 429 270 Nam
461 235 507 269 ut
539 228 669 269 Porta
701 235 847 271 nostra
879 229 1260 286 Hlopstoekio
1293 243 1372 271 suo
1405 229 1623 285 gaudem)
1646 230 1735 272 filio

154 284 397 338 carissimo,
431 284 578 342 poesis
610 300 736 326 verae
766 286 864 344 piae
892 287 1054 341 patriae
1087 287 1198 328 inter
1229 286 1469 328 Germanos
1511 287 1635 344 quasi
1673 304 1735 329 re-

153 341 364 396 stitutori,
398 356 525 398 quem
558 341 746 383 nominis
779 342 1030 385 celebritate
1056 343 1176 385 solus
1206 343 1478 386 Fichtius
1499 359 1552 385 ex
1576 344 1735 386 nostris

153 405 326 456 aequat,
372 398 430 440 ita
473 398 639 440 Afrana
681 398 840 441 Vestra
878 399 932 440 G.
977 399 1030 441 E.
1070 400 1141 440 Le
1158 400 1440 456 ssingium
1487 415 1613 441 suurn
1653 400 1738 442 sibi

152 455 405 510 vindicat2)
439 461 657 512 tamquam
691 455 976 509 alumnorum,
1009 472 1120 513 quos
1151 456 1362 514 plurimos
1394 456 1582 498 erudivit
1612 457 1736 499 etin·
1794 467 1796 469 ’

154 511 297 553 stituit
327 511 479 553 doctos
520 527 569 553 ae
610 512 770 569 probos
808 513 1078 570 gloriamque
1105 521 1259 570 postea
1292 513 1474 571 adeptos
1512 529 1654 555 veram
1687 529 1737 556 ae

153 567 336 609 solidam
377 575 425 609 ut
455 567 786 619 Gellertum‚
831 569 1181 611 Rabenerum
1214 570 1342 625 alios,
1382 586 1515 611 unum
1545 570 1737 612 omnium

154 624 294 667 adhuc
335 623 622 666 clarissimum
667 627 897 683 numisque
937 626 1108 667 virtutis
1150 627 1278 668 laude
1325 626 1734 669 cumulatissimum.

154 681 285 723 Hune
329 681 488 734 virum,
532 681 655 723 euius
695 682 885 725 indolem
935 690 979 725 et
1018 683 1170 725 merita
1207 683 1251 725 in
1281 683 1466 741 plurima
1495 683 1735 725 litterarum

154 753 312 794 genera
345 737 388 779 in
417 738 688 796 patriamque
720 739 962 781 universam
996 739 1154 781 diserte
1186 748 1229 782 et
1259 740 1448 796 graviter
1471 756 1612 797 nuper
1634 740 1736 782 Ger-

153 794 340 848 vinus3)
374 803 417 836 et
444 795 786 850 Selilosserus4)
828 796 1202 853 praedicaverunt,
1243 799 1280 839 si
1321 797 1390 839 vel
1419 813 1554 838 unum
1592 797 1738 838 finxis-

154 859 220 893 set
258 851 424 893 Arrana
464 852 638 905 Vestra,
672 861 788 895 esset
816 869 893 894 eur
923 853 963 894 ei
994 853 1183 894 Saxonia
1212 862 1254 895 ct
1284 853 1514 896 Germania
1556 854 1735 909 gratiam

153 908 330 950 baberet
360 908 603 950 maximam.
668 909 768 951 Diei
798 909 912 951 enim
945 910 1015 950 vix
1044 918 1205 966 potest,
1227 919 1436 967 qnantum
1466 910 1557 961 ille,
1583 911 1623 951 in
1651 926 1737 968 quo

153 964 389 1006 acerrimus
430 965 625 1022 spirabat
665 966 753 1007 veri
795 982 914 1007 amor
951 975 992 1007 et
1023 968 1374 1022 elegantissimus
1401 966 1496 1008 eins
1528 966 1644 1024 qnod
1677 983 1739 1008 re-

153 1030 267 1064 ctum
306 1030 348 1064 et
388 1023 617 1079 pulchrum
661 1031 702 1064 et
739 1032 915 1065 naturae
955 1023 1218 1065 conveniens
1259 1032 1326 1065 est
1359 1040 1513 1065 sensns
1545 1023 1736 1079 vigebat,

153 1079 327 1135 seriptis
378 1079 469 1120 suis
515 1080 787 1136 popularium
840 1080 1036 1121 culturae
1081 1088 1123 1121 et
1161 1079 1376 1137 profuerit
1409 1087 1451 1121 et
1489 1079 1738 1122 etiamnunc

155 1135 306 1191 prosit.
380 1135 609 1177 Praeterea
647 1153 774 1194 quam
810 1137 1228 1192 Klopstoekius
1264 1137 1422 1177 Portae
1454 1152 1557 1178 suae
1590 1136 1656 1177 vel
1686 1137 1739 1176 ad

153 1193 280 1233 finem
313 1191 426 1233 vitae
447 1193 794 1249 gloriosissimae
819 1193 970 1234 habuit
992 1194 1192 1249 pietatem
1211 1197 1270 1247 ⁵),
1304 1193 1484 1234 eandem
1516 1192 1737 1234 Lessin-

153 1249 283 1305 gius
328 1249 486 1291 nutrici
525 1265 629 1290 suae
675 1250 865 1291 Afranae
905 1258 1086 1291 testatus
1127 1258 1209 1300 est,
1256 1250 1299 1290 in
1342 1249 1465 1290 euius
1505 1248 1568 1290 rei
1608 1249 1734 1290 fidem

153 1305 310 1347 suffieit
352 1321 478 1347 unam
522 1306 630 1347 hane
671 1306 869 1347 attulisse
899 1322 1046 1347 vocem
1082 1306 1288 1347 desiderii
1321 1306 1510 1362 plenam,
1553 1321 1641 1363 quo
1667 1322 1737 1347 an-

154 1378 232 1403 nos
264 1362 338 1403 ille
369 1361 565 1404 Misenae
607 1370 847 1404 transactos
887 1363 1192 1404 recordabatur
1236 1363 1378 1420 (()pp·
1415 1362 1495 1403 lv.
1526 1361 1552 1401 ’2
1583 1362 1651 1403 ed.
1685 1363 1735 1403 C.

154 1419 473 1473 Laelimann.):
520 1419 852 1476 „Tlteopltrast‚
887 1419 1070 1461 Plautus
1101 1420 1189 1461 und
1221 1420 1392 1460 Terenz
1423 1434 1564 1460 waren
1599 1419 1738 1460 meine

155 1475 296 1526 west,
340 1475 410 1516 die
450 1475 519 1517 ich
565 1475 606 1516 in
651 1476 746 1517 (lem
796 1492 936 1533 engen
983 1476 1164 1517 Bezirke
1205 1476 1326 1517 einer
1359 1475 1738 1531 klostermiissigen

152 1532 315 1575 Set-ute
358 1533 435 1573 mit
482 1532 589 1574 aller
631 1533 1006 1590 Beqnetnliclilzeit
1047 1533 1230 1574 studirte
1263 1557 1314 1564 —
1348 1559 1394 1565 —-—
1441 1534 1558 1575 PVie
1603 1549 1740 1590 gerne

150 1589 380 1631 ‘wiinscltle
421 1589 490 1629 iola
532 1592 617 1630 mir
656 1591 774 1631 diese
811 1590 956 1631 Jalare
995 1591 1184 1642 :uriiek3
1225 1590 1295 1630 die.
1336 1591 1534 1646 einzt‘qen
1564 1591 1609 1629 in
1639 1589 1739 1630 wel-

153 1645 263 1686 clwn
294 1644 365 1686 ich
393 1645 610 1702 yliicklich
638 1645 786 1703 yelebt
811 1645 978 1686 ltabe.“
1040 1645 1164 1686 Talis
1197 1652 1410 1685 tantorum
1443 1645 1629 1684 virorum
1653 1645 1738 1701 pie-

154 1709 217 1743 tas
250 1716 383 1758 quum
416 1700 469 1741 iis
499 1701 658 1756 quibus
689 1709 931 1757 praestatur
960 1717 1128 1742 suumn)
1159 1701 1215 1741 sit
1246 1701 1414 1752 honori,
1455 1700 1601 1742 laetari
1644 1717 1738 1757 pro-

154 1758 268 1799 fecto
320 1757 527 1799 debemus
580 1759 697 1816 qnod
745 1759 908 1799 Afrana
951 1758 1105 1799 Vestra
1152 1757 1551 1813 Lessingium,
1607 1758 1737 1799 Porta

154 1813 589 1871 Klopstockium
632 1814 723 1856 suis
768 1815 1034 1856 adnumerat.
1098 1813 1398 1855 Mandavimus
1437 1813 1571 1870 igitur
1610 1814 1739 1856 eolle-

246 1975 281 2016 1)
310 1975 392 2010 vid.
427 1976 609 2009 Kircbneri
634 1976 776 2010 annates
808 1975 1033 2009 scholasticos
1068 1974 1272 2007 subiunctas
1297 1974 1485 2008 Steinliarti
1513 1975 1738 2009 Meletematis

152 2022 359 2056 Plotinianis
386 2023 596 2067 (Nnmburgi
626 2022 728 2061 1840)
757 2037 791 2068 p.
816 2035 866 2055 ix.
895 2030 949 2054 nt:
976 2021 1071 2054 Reda
1097 2022 1252 2064 gelialten
1282 2020 1337 2053 bei
1362 2022 1424 2054 der
1449 2034 1502 2054 arn
1526 2021 1558 2055 6.
1579 2023 1737 2055 Novem-

151 2070 215 2103 bet·
243 2069 330 2102 1839
365 2082 405 2101 zu
433 2070 546 2102 Psortu
586 2070 852 2102 vei-anstalteten
889 2068 1118 2101 Sacularseier
1151 2068 1212 2100 der
1243 2067 1442 2100 Ausnabme
1476 2068 1516 2100 F.
1551 2068 1593 2102 G.
1622 2068 1735 2112 Klnp-

152 2115 267 2148 stocks
302 2117 336 2147 in
370 2115 427 2148 die
461 2115 578 2160 dnsige
604 2114 877 2157 Landesschule,
904 2128 973 2147 von
1000 2115 1088 2156 Aug.
1116 2114 1336 2156 Koberstein,
1371 2114 1462 2148 Prof.
1491 2113 1609 2159 Leipz,
1639 2114 1738 2150 1840,

153 2170 205 2194 et:
245 2161 545 2206 Klopstockeseier
576 2163 611 2194 in
646 2162 790 2207 Leipzig
823 2174 876 2193 nm
907 2161 940 2192 b'.
976 2160 1173 2194 November
1208 2160 1295 2192 1839
1330 2159 1379 2192 als
1406 2159 1485 2192 dem
1512 2159 1736 2192 hunderuten

152 2208 347 2252 «labrestage
386 2208 448 2241 der
480 2208 680 2241 Anfnahme
712 2208 772 2240 des
811 2207 971 2240 Dichters
1010 2208 1045 2239 in
1086 2206 1309 2251 Schnlpsorta
1348 2205 1456 2238 durch
1493 2209 1570 2239 eine
1606 2207 1737 2239 Anzahl

152 2254 359 2297 ehemaliger
383 2254 551 2299 Zi‘vglinge
577 2254 690 2287 dieser
716 2253 945 2287 Lehranstalt.
973 2253 1090 2297 Leipz.
1118 2253 1219 2286 1839.

244 2300 279 2340 2)
308 2299 407 2334 Conf.
442 2313 530 2345 quae
563 2300 737 2343 eleganter
770 2308 802 2333 et
835 2301 978 2344 copiose
1015 2300 1054 2330 E.
1078 2301 1119 2334 A.
1146 2299 1258 2331 Diller
1291 2297 1414 2329 cecinit
1440 2303 1543 2342 atque
1576 2298 1737 2343 exposuit

152 2348 209 2379 in:
239 2346 501 2390 Erinnerungen
529 2359 571 2378 an
598 2346 766 2379 Gotthold
791 2346 957 2392 Ephraim
985 2346 1142 2388 Lessing,
1173 2346 1323 2377 meissen
1353 2340 1449 2375 1841.

243 2391 280 2431 3)
305 2393 439 2425 Neuere
473 2392 680 2426 Geschicbte
714 2393 775 2425 der
799 2401 893 2437 poet.
922 2393 1060 2425 Nation.
1091 2393 1171 2424 Litt.
1197 2391 1233 2423 d.
1259 2388 1458 2422 [teutschen
1494 2389 1516 2420 l.
1542 2387 1736 2423 318—413.

243 2436 282 2476 4)
307 2438 514 2471 Geschicbte
540 2439 600 2472 des
629 2439 727 2471 tSten
753 2439 944 2471 Jahrhund.
972 2440 1010 2470 ll.
1037 2438 1116 2472 (532.
1144 2439 1194 2470 lll.
1223 2434 1299 2468 ¹74.
1329 2447 1405 2480 sqq.

243 2483 281 2522 5)
307 2484 385 2516 vid.
421 2483 459 2518 C.
493 2483 574 2517 Chr.
609 2485 652 2517 G.
688 2485 874 2517 Schmidtii
908 2493 939 2518 et
977 2483 1014 2517 C.
1051 2483 1176 2515 Krastii
1202 2482 1350 2514 librum:
1387 2480 1454 2513 Die
1479 2479 1739 2513 Landesschute

154 2530 282 2572 Psorta,
300 2529 550 2573 Schleusingen
571 2528 670 2572 1814,
690 2545 725 2574 p.
749 2529 898 2571 45-54,
922 2529 980 2563 ubi
999 2529 1049 2561 illi
1074 2529 1117 2562 de
1137 2530 1169 2561 M
1183 2530 1328 2561 essiae
1351 2526 1501 2560 editione
1520 2525 1737 2571 splendidis-

153 2577 250 2612 sima,
269 2588 371 2621 quam
391 2588 482 2607 anno
509 2577 595 2608 1800
613 2585 714 2620 poeta
734 2576 964 2609 bibliothecae
986 2575 1124 2608 scholae
1144 2575 1237 2606 dono
1261 2575 1367 2616 misit,
1385 2580 1417 2605 et
1439 2571 1481 2604 de
1500 2574 1737 2615 parentatione

154 2624 379 2666 scripserunt,
403 2634 491 2666 quae
517 2630 655 2665 petente
682 2623 988 2668 Klopstockio
1023 2621 1064 2652 ml
1092 2621 1290 2666 sepulcrum
1316 2617 1564 2659 Stuebelii,
1598 2616 1737 2650 Conre-

154 2669 257 2702 ctorin
290 2667 468 2712 quondam
501 2669 675 2700 Portensis
709 2671 931 2710 meritissimi.
965 2670 998 2700 in
1033 2669 1240 2699 coemeterio
1265 2667 1419 2697 instituta
1446 2672 1507 2696 est.
1557 2662 1739 2696 Habentur

153 2714 176 2748 l.
201 2714 224 2746 1.
260 2713 427 2759 epistolae
463 2725 602 2758 qnoque
652 2714 958 2758 Klopstockii,
995 2725 1080 2758 quas
1116 2721 1189 2745 tum
1221 2711 1420 2756 complures
1456 2710 1499 2741 ad
1527 2709 1737 2741 Heimba-

154 2760 302 2794 chium
335 2760 516 2793 Rectorem
547 2758 655 2793 dedit.
706 2760 776 2791 Nos
814 2760 868 2793 hie
904 2762 1040 2792 initium
1075 2760 1205 2803 primae
1239 2760 1426 2802 repetimus
1454 2756 1508 2801 (p.
1535 2752 1618 2795 4ss):
1645 2756 1739 2799 „Die

154 2807 364 2851 Edunrung,
397 2807 432 2838 in
469 2806 530 2838 der
562 2804 678 2837 Psorte
710 2818 865 2848 gewesen
898 2820 937 2838 zu
965 2817 1062 2848 seyn,
1092 2805 1204 2837 macht
1231 2806 1296 2836 mir
1322 2802 1407 2834 auch
1435 2801 1616 2846 deswegen
1642 2801 1738 2835 nicht

155 2853 263 2885 seiten
291 2853 530 2897 Vergnuegen,
556 2851 636 2885 weil
661 2851 716 2885 ich
744 2851 819 2884 dort
846 2852 913 2885 den
942 2851 1024 2884 Plan
1050 2864 1090 2883 zu
1117 2851 1197 2885 dem
1215 2850 1359 2884 Messias
1384 2848 1520 2894 beynab
1546 2860 1630 2892 ganz
1654 2847 1736 2882 vol-

155 2899 272 2933 lendet
297 2896 424 2934 habe.“
