1835 3215
890 134 974 175 210

431 246 468 286 Ο
499 243 611 285 lucis
642 244 776 285 almae
809 244 1025 287 sidereum
1059 245 1221 289 decus!

425 299 564 342 Nobis
597 301 822 342 fruendam
855 309 894 342 tc
924 301 1118 358 placidus
1151 303 1271 344 dedit

475 356 565 409 Qui
591 372 671 397 nos
700 357 891 398 tenebris
920 366 1121 399 evocatos

534 413 685 454 Finxit
717 413 763 454 in
795 413 978 470 effigiem
1010 415 1188 456 deorum

424 523 674 577 Rectosquc
704 521 836 562 iussit
864 521 1015 563 tollere
1047 521 1188 563 sidera

424 578 496 620 Ad
525 577 609 618 alta
637 577 800 619 vultus.
863 577 1048 634 Serperc
1080 579 1196 619 humi
1227 579 1350 621 decet

475 635 759 689 Pronumque
791 633 894 674 ferri
925 634 1142 690 quidquid
1172 635 1286 677 idem

533 690 762 731 Deteriore
792 698 894 731 nota
923 692 1098 733 creavit.

424 797 545 852 Quid
576 812 697 838 sacra
728 797 890 851 turbas,
923 813 1033 854 quac
1064 797 1133 855 pia
1165 799 1360 842 condidit

422 855 595 897 Numen
628 869 878 909 supremum
910 854 1128 896 mentibus
1157 854 1200 895 in
1233 855 1392 900 bonis?

475 910 548 951 Ad
580 909 689 949 lucis
723 925 894 949 usuram
925 911 1058 950 creati

533 965 654 1019 Quid
683 965 845 1006 lateant
878 965 1010 1006 animi
1040 966 1229 1008 tenebris
1243 968 1263 1006 ‘2

421 1078 630 1120 Excussit
660 1078 763 1120 olim
793 1078 959 1120 servitii
991 1078 1142 1134 iugum

422 1135 658 1187 Ladmus,
691 1143 733 1176 et
765 1150 874 1190 quos
905 1143 1099 1175 senserat
1129 1151 1152 1176 a
1183 1135 1278 1177 Deo

478 1191 730 1232 Commotus
764 1190 906 1246 ignes,
941 1206 992 1231 cu
1022 1190 1176 1231 doloso

529 1247 795 1303 Suppositos
828 1246 964 1288 cineri
994 1247 1167 1287 retexit.

424 1357 579 1411 Qualis
611 1374 690 1415 per
720 1358 927 1415 amplum,
961 1358 1028 1399 sol
1055 1358 1130 1400 ubi
1158 1359 1338 1415 prodiit,

426 1413 627 1456 Diffusus
661 1415 807 1455 orbem
839 1415 1110 1471 conspicitur
1141 1415 1289 1469 simul,

475 1470 599 1511 Talis
632 1486 709 1526 per
741 1471 958 1526 Europam
988 1471 1161 1512 refulsit

533 1527 676 1580 Quam
707 1527 877 1583 peperit
905 1526 1142 1583 Vitehcrga
1173 1526 1332 1570 lucem.

422 1637 607 1678 Deserta
638 1636 854 1692 quondam
887 1651 996 1692 quac
1024 1637 1136 1678 male
1165 1638 1363 1678 viderant

422 1693 473 1733 In
506 1707 636 1747 reg-na
668 1692 820 1732 Musae
852 1691 932 1732 iam
965 1693 1147 1734 reduces
1177 1707 1291 1734 novo

475 1748 606 1789 Cultu
640 1747 820 1788 decorae
852 1748 1067 1803 prodeunt
1099 1755 1141 1789 ct

532 1803 729 1859 Ingeniis
757 1802 959 1844 alimenta
991 1803 1215 1860 praebent.

417 1910 622 1952 Abscede
653 1910 834 1966 vulgus!
870 1909 1065 1952 Candida
1096 1912 1307 1954 veritas

420 1968 662 2008 Coniuncta
693 1966 877 2023 pulcri
907 1982 1003 2007 eum
1036 1967 1181 2008 studio
1210 1970 1346 2026 venit,

471 2023 782 2079 Virtusque
812 2022 1013 2064 libertate
1043 2030 1164 2079 parta

527 2079 659 2120 Lacta
692 2093 795 2119 suos
825 2079 1014 2120 celebrat
1046 2079 1304 2136 triumphos.

419 2179 683 2236 Quicunque
715 2194 861 2221 sacros
891 2180 1109 2236 igniculos
1140 2187 1216 2221 tuo

416 2236 507 2278 Sub
540 2236 669 2278 corde
698 2237 852 2289 sentis,
885 2252 909 2277 o
940 2237 1116 2279 meritos
1147 2236 1259 2277 seras

465 2292 608 2334 Musis
641 2293 826 2333 honores
855 2300 898 2334 ct
926 2308 1121 2335 reversas

520 2349 572 2389 ln
604 2363 680 2389 sua
709 2363 843 2404 regna
874 2348 974 2405 pius
1006 2364 1169 2392 verere.

412 2446 586 2488 Extolle
616 2447 808 2488 vultum!
872 2447 1081 2490 Concitus
1114 2464 1138 2490 a
1168 2448 1265 2490 Deo

412 2504 520 2544 Cum
554 2503 685 2543 fratre
714 2503 861 2559 prodit
887 2503 1064 2545 Mauri
1084 2504 1213 2559 tius,
1247 2519 1368 2548 sacro

468 2557 557 2612 Qui
585 2558 730 2612 regiae
762 2559 879 2600 sedis
907 2575 1083 2601 recessu

518 2614 679 2669 Magna
706 2629 883 2656 movens
915 2616 1057 2657 auimo
1090 2616 1283 2658 futurum

410 2712 715 2769 praesagiebat
745 2713 958 2756 Saxoniae
991 2715 1143 2769 decus,

410 2767 635 2811 Praeferre
663 2770 804 2811 lucem
833 2771 904 2811 cui
932 2771 1099 2812 dederit
1129 2772 1251 2813 Deus

460 2823 711 2882 Rerumque
743 2826 896 2868 famam
928 2828 1159 2869 extendere
1190 2828 1302 2869 ultra

520 2881 643 2933 Quos
673 2882 822 2939 posuit
852 2883 991 2940 patria
1020 2899 1094 2925 ora
1122 2884 1246 2925 fines.
