1835 3215
705 123 884 190 —239

59 255 235 298 possem
281 255 392 281 esse.
476 237 621 280 Unum
670 253 721 279 ex
772 237 1009 280 domestica
1056 237 1151 279 eius
1189 237 1401 280 hilaritate
1441 238 1629 280 afferam.

59 298 259 340 Habebat
285 312 372 338 non
406 295 606 351 exiguam
636 309 866 336 numerum
897 296 1081 353 copiam,
1105 311 1233 352 quam
1261 295 1488 352 discipulis
1512 295 1566 337 ad
1588 309 1635 336 se

59 370 147 396 non
186 369 283 395 raro
330 352 519 394 invitatis
559 351 847 394 libentissime
887 351 1143 393 ostendebat
1180 360 1309 408 atque
1351 367 1509 408 genera
1550 351 1635 393 sin-

60 411 160 468 gula
191 418 234 451 et
262 409 442 452 virtutes
481 409 607 466 quasi
650 409 758 450 alter
795 408 1084 464 Spanhemius
1125 409 1195 451 vel
1225 409 1417 463 Eclzhel,
1465 408 1543 450 sed
1573 409 1635 449 io-

59 467 197 509 cando
228 465 485 522 exponebat.
560 465 669 506 Cum
699 465 859 522 igitur,
901 473 949 507 ut
988 466 1147 522 gratias
1189 474 1359 522 ageret,
1401 465 1635 523 aliquando

61 522 302 579 discipulus
353 538 448 563 eum
490 521 720 575 inviseret,
774 522 1014 578 Klugius
1066 524 1195 564 etiam
1247 523 1456 565 advocare
1500 522 1638 564 voluit

59 595 253 621 uxorem.
321 578 437 619 Tum
470 586 511 619 et
543 578 808 620 familiariter
837 586 879 620 et
909 580 1054 621 iocose
1085 580 1210 621 ianua
1243 579 1460 622 conclavis
1488 579 1638 620 mulie—

61 636 149 677 bris
194 635 386 691 paullum
426 642 572 691 aperta
613 635 851 691 quaesivit:
900 644 1125 692 „potesne
1166 637 1342 694 prodire
1380 636 1425 677 in
1458 650 1638 692 eonspe-

61 693 242 734 (ῑῑιιιηῖιζ
305 690 502 747 Cumque
532 691 632 744 illa,
674 701 721 733 ut
751 692 860 733 bene
888 701 1038 749 posset
1073 693 1296 745 exaudiri,
1338 708 1493 736 canora
1533 691 1638 734 satis

61 756 104 790 et
132 755 257 789 acuta
297 762 401 788 voce
439 748 763 803 respondisset:
807 764 894 789 non
934 764 1112 806 possum
1158 750 1333 806 prodire
1374 751 1418 791 in
1459 763 1639 804 conspe-

62 813 203 858 ctum,
252 803 427 845 occlusa
478 804 605 845 ianua
644 812 759 846 retro
803 820 954 846 versus
993 806 1047 846 ad
1087 805 1351 862 discipulum
1391 805 1535 862 lepide
1573 820 1639 846 re-

61 860 188 918 petiit
225 861 353 901 verba
395 859 571 911 eadem,
624 877 730 903 voce
769 862 945 917 quidem
987 877 1071 918 qua
1109 863 1310 904 utebatur
1368 862 1638 920 gravissima,

61 920 153 959 sic:
197 916 270 958 illa
309 932 394 957 non
435 924 579 973 potest
613 918 789 974 prodire
823 917 867 958 in
910 926 1206 975 conspectum.
1276 920 1421 972 (fflein,
1462 921 1507 973 sie
1546 919 1641 963 fanu

61 976 127 1026 fid)
159 974 563 1029 nid)tsebcn1<1ffcn.)
623 974 692 1016 Sit
732 975 825 1017 viro
866 974 910 1015 in
950 991 1030 1017 suo
1069 991 1228 1032 genere
1265 975 1639 1033 praestantissimo

60 1038 170 1072 terra
201 1030 331 1071 levis!

176 1086 349 1140 Quodsi
398 1086 760 1129 Tzschuckio
814 1087 1059 1145 Hlngius
1109 1089 1162 1130 ad
1203 1096 1375 1146 tempus
1416 1095 1640 1147 superstes

63 1143 172 1196 fuit,
214 1143 424 1199 Hlugio
468 1144 549 1186 fuit
590 1144 922 1199 Roenigius.
994 1145 1081 1187 Hie
1124 1146 1207 1188 etsi
1248 1153 1339 1188 erat
1380 1146 1565 1203 diligens
1598 1145 1643 1186 in

63 1199 303 1241 exercenda
339 1200 573 1257 disciplina
621 1217 701 1243 nec
737 1201 907 1256 minus,
958 1217 1084 1259 quam
1125 1202 1333 1244 orationis
1372 1203 1554 1244 Latinae
1604 1208 1646 1243 et

64 1248 302 1297 Germanae
342 1257 557 1313 elegantia
598 1258 809 1314 pollebat,
862 1258 1046 1314 insignis
1089 1266 1231 1300 tamen
1274 1259 1388 1300 idem
1429 1268 1520 1300 erat
1551 1274 1646 1314 per-

63 1319 195 1370 petua
224 1312 370 1353 vultus
400 1320 634 1370 apertaque
662 1314 895 1366 hilaritate,
938 1329 991 1355 ex
1026 1330 1111 1371 qua
1140 1315 1319 1357 robusta
1350 1315 1546 1372 eorporis
1577 1315 1645 1355 fir·

65 1369 189 1410 mitas
240 1375 282 1409 et
329 1368 493 1425 integra
534 1372 694 1411 sanitas
734 1370 954 1423 elucebat,
1014 1379 1061 1413 ut
1102 1372 1252 1413 eadem
1293 1387 1463 1428 semper
1507 1371 1643 1428 expli-

65 1433 157 1468 cata
190 1425 329 1465 fronte
369 1433 407 1466 et
451 1426 694 1467 venientem
733 1434 775 1467 et
805 1427 1058 1469 redeuntem
1089 1435 1178 1469 >tum
1207 1428 1469 1470 videremus.
1540 1429 1646 1470 Erat

66 1489 209 1522 autem
247 1480 290 1521 id
321 1482 529 1537 temporis
563 1482 606 1523 in
638 1498 818 1524 numero
850 1483 1191 1540 discipulorum,
1234 1486 1309 1540 qui
1350 1485 1469 1541 globi
1509 1485 1645 1541 lignei

70 1554 240 1580 sursum
271 1537 418 1579 emissi
452 1538 567 1581 iactu
596 1539 732 1581 tiliam
767 1539 1018 1582 altissimam
1059 1548 1148 1582 tum
1181 1542 1224 1582 in
1256 1557 1355 1583 area
1386 1541 1646 1583 eminentem

67 1609 268 1651 superare
297 1602 460 1650 posset.
533 1595 578 1636 Is
608 1596 744 1651 igitur
778 1596 997 1637 iaculandi
1027 1606 1117 1638 arte
1150 1597 1338 1653 insignis
1368 1598 1454 1640 ioci
1491 1613 1646 1640 caussa

67 1651 178 1692 inter
207 1649 528 1707 condiscipulos
559 1650 928 1708 pronuntiaverat,
967 1668 1012 1694 se
1044 1653 1233 1710 lapidem
1265 1670 1351 1695 non
1383 1654 1646 1696 mediocrem

67 1707 123 1748 ita
157 1706 442 1748 iaculaturum
472 1722 595 1761 esse,
639 1715 686 1749 ut
725 1708 768 1749 in
804 1708 911 1749 sumi
944 1709 1119 1752 ductum
1152 1710 1364 1752 incideret
1403 1712 1497 1752 eius
1530 1711 1647 1753 cubi-

66 1763 181 1816 culi,
225 1763 342 1820 quod
380 1762 704 1820 Roenigius
745 1780 823 1822 per
852 1765 1046 1822 singulas
1078 1782 1178 1808 suas
1207 1767 1498 1809 hebdomades
1530 1767 1648 1808 inha-

66 1819 244 1861 bitabat.
307 1819 408 1873 Quo
442 1820 554 1862 fact-o
584 1837 684 1862 mox
715 1821 917 1878 prodisse
943 1823 986 1863 in
1011 1823 1286 1879 perticulam,
1308 1840 1418 1881 quae
1439 1833 1647 1880 utrasque

68 1877 240 1918 scholae
280 1876 408 1918 aedes
450 1877 700 1933 coniungit,
738 1877 888 1935 ibique
924 1879 1216 1936 interrogasse
1254 1881 1495 1937 discipulos
1535 1881 1649 1921 infra

70 1932 396 1974 deambulantes
438 1933 623 1975 dicitur:
675 1934 810 1988 „Hic
852 1936 950 1992 quis
992 1937 1221 1994 qualisque
1259 1938 1443 1979 bombus
1487 1937 1645 1979 ἱίιίῐῗα

69 1990 268 2045 Cumque
306 1988 416 2030 nibil
445 2005 705 2046 responsum
737 1999 877 2045 esset,
922 1993 998 2034 sed
1030 1994 1265 2036 cachinnus
1306 1995 1519 2047 sublatus,
1553 1994 1649 2050 ipse

71 2061 245 2102 qnoque
269 2045 382 2096 risit,
403 2046 480 2087 sed
499 2047 637 2102 digito
659 2055 800 2089 tamen
823 2056 964 2090 erecto
983 2050 1233 2092 minitatus:
1268 2051 1522 2105 „iaculandi
1551 2050 1647 2091 arti-

70 2103 159 2152 fex,
191 2102 351 2158 inquit,
374 2103 554 2158 posthac
583 2103 667 2145 sibi
696 2112 846 2146 caveto
866 2106 916 2145 !“
979 2107 1070 2160 Qui
1102 2107 1277 2164 quidem
1312 2109 1490 2164 posthae
1521 2107 1650 2148 etiam

71 2158 156 2200 sibi
187 2158 314 2200 cavit.
375 2158 482 2199 Cum
515 2167 657 2201 autem
686 2160 822 2201 tiliam
862 2169 905 2203 et
944 2170 1167 2205 castaneas
1209 2165 1502 2206 conscendere
1541 2163 1650 2205 sole-

69 2222 170 2256 rent
199 2214 514 2271 diseipulorum
544 2216 814 2271 superiorum
847 2218 1029 2275 aliquot,
1063 2235 1193 2276 saepe
1224 2220 1410 2274 accidit,
1443 2227 1491 2261 ut
1522 2220 1649 2261 Hoe-

72 2270 270 2327 nigius
302 2270 507 2328 aliquem,
539 2272 615 2328 qui
646 2273 968 2328 adscendisset,
1000 2284 1281 2333 conspectum
1311 2277 1558 2333 relinquere
1587 2292 1650 2317 ar-

71 2328 218 2369 borem
251 2327 419 2369 iuberet
449 2328 697 2385 diceretque
728 2345 806 2386 per
835 2329 1001 2372 iocum:
1036 2332 1303 2384 „Descende
1334 2349 1536 2390 propere,
1571 2333 1650 2374 Za-

76 2384 279 2426 clnaee!“
341 2383 430 2426 Sed
459 2392 548 2425 tum
581 2400 682 2426 sane
710 2385 773 2439 is,
813 2387 888 2443 qui
923 2388 986 2429 sic
1017 2395 1107 2429 erat
1139 2389 1191 2430 de
1222 2390 1374 2431 arbore
1403 2398 1648 2443 revocatus,

72 2440 149 2482 nbi
177 2440 508 2496 Roenigium
541 2449 811 2497 praesentem
844 2443 995 2485 adesse
1028 2445 1350 2502 suspicabatur,
1392 2447 1542 2489 saltem
1573 2462 1652 2503 per

73 2504 245 2554 tempus
273 2512 297 2538 a
327 2497 642 2539 consuetudine
673 2514 749 2540 sua
780 2499 1004 2554 abstinuit,
1031 2517 1085 2543 ne
1112 2502 1157 2543 in
1190 2502 1347 2545 iustam
1378 2519 1560 2560 poenam
1590 2504 1651 2545 in-

76 2560 284 2595 curreret.
346 2552 414 2594 Sit
441 2552 536 2594 viro
566 2555 729 2611 optimo
761 2556 1103 2615 doctissimoque
1134 2566 1246 2601 terra
1279 2560 1414 2602 levis!

186 2609 276 2652 Iam
307 2623 408 2652 vero
439 2608 622 2652 sortasse
651 2611 810 2669 aliquis
840 2621 1056 2668 vestrum,
1096 2616 1411 2659 commilitones
1449 2616 1651 2659 suavissi-

76 2664 151 2717 mi,
185 2665 414 2708 obiecerit:
447 2665 485 2706 si
515 2667 712 2709 ordinem
742 2669 949 2712 orationis
982 2687 1192 2729 sequere,
1231 2689 1357 2730 quem
1388 2681 1512 2715 antea
1544 2673 1650 2714 dixi·

77 2721 158 2770 sti,
198 2738 315 2764 nune
356 2720 410 2762 de
446 2721 549 2764 Iulii
588 2723 847 2768 Winzeri
882 2727 964 2769 viri
1005 2744 1169 2770 summe
1206 2730 1464 2771 venerabilis
1505 2730 1651 2771 iocosa

76 2777 243 2819 ratione
273 2777 609 2834 praedicandum
640 2782 736 2823 erit.
797 2783 884 2825 Sed
913 2784 1019 2839 quid
1056 2785 1215 2827 ludicri
1245 2786 1425 2842 poteris,
1458 2786 1563 2841 quid
1592 2786 1649 2826 le-

77 2832 170 2890 pidi
195 2834 364 2885 afferre,
392 2849 524 2889 quum
556 2836 683 2878 huius
713 2837 795 2879 viri
826 2841 1012 2894 gravitas
1044 2857 1264 2898 nunquam
1296 2858 1381 2883 non
1414 2841 1649 2896 conspicua

80 2889 211 2932 fuerit
252 2889 297 2931 in
329 2889 470 2945 omni,
514 2907 642 2949 quam
673 2909 771 2936 cum
809 2895 1038 2953 discipulis
1081 2898 1257 2952 habuit,
1300 2895 1649 2940 consuetudine?
