<?xml version="1.0" encoding="UTF-8"?>
<!DOCTYPE html PUBLIC "-//W3C//DTD XHTML 1.0 Transitional//EN"
    "http://www.w3.org/TR/xhtml1/DTD/xhtml1-transitional.dtd">
<html xmlns="http://www.w3.org/1999/xhtml" xml:lang="en" lang="en">
 <head>
  <title>
</title>
<meta http-equiv="Content-Type" content="text/html;charset=utf-8" />
  <meta name='ocr-system' content='tesseract 3.04.00' />
  <meta name='ocr-capabilities' content='ocr_page ocr_carea ocr_par ocr_line ocrx_word'/>
</head>
<body>
  <div class='ocr_page' id='page_1' title='image "./geschichtederdre00flug_0224.png"; bbox 0 0 1835 3215; ppageno 0'>
   <div class='ocr_carea' id='block_1_1' title="bbox 885 122 970 164">
    <p class='ocr_par' dir='ltr' id='par_1_1' title="bbox 885 122 970 164">
     <span class='ocr_line' id='line_1_1' title="bbox 885 122 970 164; baseline 0.012 -1"><span class='ocrx_word' id='word_1_1' title='bbox 885 122 970 164; x_wconf 83' lang='lat'><strong>206</strong></span> 
     </span>
    </p>
   </div>
   <div class='ocr_carea' id='block_1_2' title="bbox 141 233 1732 2951">
    <p class='ocr_par' dir='ltr' id='par_1_2' title="bbox 141 233 1732 2951">
     <span class='ocr_line' id='line_1_2' title="bbox 254 233 1719 292; baseline -0.001 -14"><span class='ocrx_word' id='word_1_2' title='bbox 254 233 586 292; x_wconf 83' lang='lat' dir='ltr'><strong>Splendidiores</strong></span> <span class='ocrx_word' id='word_1_3' title='bbox 618 239 720 274; x_wconf 89' lang='lat' dir='ltr'><strong>sunt</strong></span> <span class='ocrx_word' id='word_1_4' title='bbox 750 242 792 275; x_wconf 88' lang='lat' dir='ltr'><strong>et</strong></span> <span class='ocrx_word' id='word_1_5' title='bbox 822 233 876 275; x_wconf 88' lang='lat' dir='ltr'><strong>ad</strong></span> <span class='ocrx_word' id='word_1_6' title='bbox 915 241 1187 291; x_wconf 75' lang='lat' dir='ltr'><strong>praesentem</strong></span> <span class='ocrx_word' id='word_1_7' title='bbox 1227 234 1503 291; x_wconf 77' lang='lat' dir='ltr'><strong>futuramque</strong></span> <span class='ocrx_word' id='word_1_8' title='bbox 1546 234 1719 277; x_wconf 88' lang='lat' dir='ltr'><strong>laudem</strong></span> 
     </span>
     <span class='ocr_line' id='line_1_3' title="bbox 141 290 1720 348; baseline -0.003 -12"><span class='ocrx_word' id='word_1_9' title='bbox 141 294 402 336; x_wconf 78' lang='lat' dir='ltr'><strong>illustriores</strong></span> <span class='ocrx_word' id='word_1_10' title='bbox 442 290 539 332; x_wconf 89' lang='lat' dir='ltr'><strong>illae</strong></span> <span class='ocrx_word' id='word_1_11' title='bbox 567 290 767 343; x_wconf 89' lang='lat' dir='ltr'><strong>virtutes,</strong></span> <span class='ocrx_word' id='word_1_12' title='bbox 804 305 914 347; x_wconf 87' lang='lat' dir='ltr'><strong>quae</strong></span> <span class='ocrx_word' id='word_1_13' title='bbox 961 291 1002 331; x_wconf 90' lang='lat' dir='ltr'><strong>in</strong></span> <span class='ocrx_word' id='word_1_14' title='bbox 1044 291 1173 332; x_wconf 90' lang='lat' dir='ltr'><strong>armis</strong></span> <span class='ocrx_word' id='word_1_15' title='bbox 1203 298 1246 332; x_wconf 90' lang='lat' dir='ltr'><strong>ct</strong></span> <span class='ocrx_word' id='word_1_16' title='bbox 1276 291 1320 332; x_wconf 89' lang='lat' dir='ltr'><strong>in</strong></span> <span class='ocrx_word' id='word_1_17' title='bbox 1351 290 1618 348; x_wconf 79' lang='lat' dir='ltr'><strong>reipublicae</strong></span> <span class='ocrx_word' id='word_1_18' title='bbox 1650 292 1720 332; x_wconf 89' lang='lat' dir='ltr'><strong>ad·</strong></span> 
     </span>
     <span class='ocr_line' id='line_1_4' title="bbox 142 346 1722 405; baseline -0.003 -13"><span class='ocrx_word' id='word_1_19' title='bbox 142 348 455 392; x_wconf 73' lang='lat' dir='ltr'><strong>ministratione</strong></span> <span class='ocrx_word' id='word_1_20' title='bbox 488 346 841 403; x_wconf 76' lang='lat' dir='ltr'><strong>conspiciuntur,</strong></span> <span class='ocrx_word' id='word_1_21' title='bbox 872 347 948 388; x_wconf 88' lang='lat' dir='ltr'><strong>sed</strong></span> <span class='ocrx_word' id='word_1_22' title='bbox 971 347 1088 388; x_wconf 87' lang='lat' dir='ltr'><strong>fideli</strong></span> <span class='ocrx_word' id='word_1_23' title='bbox 1117 347 1245 389; x_wconf 87' lang='lat' dir='ltr'><strong>etiam</strong></span> <span class='ocrx_word' id='word_1_24' title='bbox 1274 347 1449 390; x_wconf 92' lang='lat' dir='ltr'><strong>silentio</strong></span> <span class='ocrx_word' id='word_1_25' title='bbox 1468 355 1558 389; x_wconf 88' lang='lat' dir='ltr'><strong>tuta</strong></span> <span class='ocrx_word' id='word_1_26' title='bbox 1577 348 1722 405; x_wconf 87' lang='lat' dir='ltr'><strong>aliqua</strong></span> 
     </span>
     <span class='ocr_line' id='line_1_5' title="bbox 142 402 1723 461; baseline -0.002 -13"><span class='ocrx_word' id='word_1_27' title='bbox 142 422 306 448; x_wconf 85' lang='lat' dir='ltr'><strong>merces</strong></span> <span class='ocrx_word' id='word_1_28' title='bbox 339 412 419 456; x_wconf 84' lang='lat' dir='ltr'><strong>est,</strong></span> <span class='ocrx_word' id='word_1_29' title='bbox 454 402 651 460; x_wconf 84' lang='lat' dir='ltr'><strong>pluribus</strong></span> <span class='ocrx_word' id='word_1_30' title='bbox 683 402 825 460; x_wconf 86' lang='lat' dir='ltr'><strong>iisque</strong></span> <span class='ocrx_word' id='word_1_31' title='bbox 855 403 1016 445; x_wconf 83' lang='lat' dir='ltr'><strong>certius</strong></span> <span class='ocrx_word' id='word_1_32' title='bbox 1046 412 1210 460; x_wconf 87' lang='lat' dir='ltr'><strong>aperta,</strong></span> <span class='ocrx_word' id='word_1_33' title='bbox 1254 403 1382 445; x_wconf 89' lang='lat' dir='ltr'><strong>modo</strong></span> <span class='ocrx_word' id='word_1_34' title='bbox 1424 404 1608 461; x_wconf 76' lang='lat' dir='ltr'><strong>ingenii,</strong></span> <span class='ocrx_word' id='word_1_35' title='bbox 1640 405 1723 446; x_wconf 82' lang='lat' dir='ltr'><strong>ala·</strong></span> 
     </span>
     <span class='ocr_line' id='line_1_6' title="bbox 142 459 1723 518; baseline -0.003 -12"><span class='ocrx_word' id='word_1_36' title='bbox 142 463 322 514; x_wconf 87' lang='lat' dir='ltr'><strong>critatis,</strong></span> <span class='ocrx_word' id='word_1_37' title='bbox 357 460 560 516; x_wconf 89' lang='lat' dir='ltr'><strong>temporis</strong></span> <span class='ocrx_word' id='word_1_38' title='bbox 604 459 789 501; x_wconf 79' lang='lat' dir='ltr'><strong>felicitas</strong></span> <span class='ocrx_word' id='word_1_39' title='bbox 830 468 1050 517; x_wconf 80' lang='lat' dir='ltr'><strong>suppetat.</strong></span> <span class='ocrx_word' id='word_1_40' title='bbox 1114 460 1170 501; x_wconf 89' lang='lat' dir='ltr'><strong>Et</strong></span> <span class='ocrx_word' id='word_1_41' title='bbox 1212 460 1318 517; x_wconf 89' lang='lat' dir='ltr'><strong>quid</strong></span> <span class='ocrx_word' id='word_1_42' title='bbox 1359 460 1476 502; x_wconf 87' lang='lat' dir='ltr'><strong>iuvat</strong></span> <span class='ocrx_word' id='word_1_43' title='bbox 1515 476 1607 515; x_wconf 90' lang='lat' dir='ltr'><strong>eos,</strong></span> <span class='ocrx_word' id='word_1_44' title='bbox 1647 461 1723 518; x_wconf 92' lang='lat' dir='ltr'><strong>qui</strong></span> 
     </span>
     <span class='ocr_line' id='line_1_7' title="bbox 142 516 1725 575; baseline -0.002 -14"><span class='ocrx_word' id='word_1_45' title='bbox 142 534 331 561; x_wconf 84' lang='lat' dir='ltr'><strong>summac</strong></span> <span class='ocrx_word' id='word_1_46' title='bbox 358 532 501 559; x_wconf 86' lang='lat' dir='ltr'><strong>rerum</strong></span> <span class='ocrx_word' id='word_1_47' title='bbox 530 525 754 573; x_wconf 81' lang='lat' dir='ltr'><strong>praesunt,</strong></span> <span class='ocrx_word' id='word_1_48' title='bbox 786 532 940 572; x_wconf 82' lang='lat' dir='ltr'><strong>magna</strong></span> <span class='ocrx_word' id='word_1_49' title='bbox 965 525 1007 558; x_wconf 92' lang='lat' dir='ltr'><strong>et</strong></span> <span class='ocrx_word' id='word_1_50' title='bbox 1033 516 1220 558; x_wconf 84' lang='lat' dir='ltr'><strong>illustria</strong></span> <span class='ocrx_word' id='word_1_51' title='bbox 1252 517 1394 558; x_wconf 91' lang='lat' dir='ltr'><strong>animo</strong></span> <span class='ocrx_word' id='word_1_52' title='bbox 1424 518 1654 575; x_wconf 82' lang='lat' dir='ltr'><strong>concipere</strong></span> <span class='ocrx_word' id='word_1_53' title='bbox 1683 524 1725 558; x_wconf 89' lang='lat' dir='ltr'><strong>et</strong></span> 
     </span>
     <span class='ocr_line' id='line_1_8' title="bbox 142 573 1723 630; baseline -0.003 -12"><span class='ocrx_word' id='word_1_54' title='bbox 142 575 348 618; x_wconf 87' lang='lat' dir='ltr'><strong>audacius</strong></span> <span class='ocrx_word' id='word_1_55' title='bbox 381 573 625 628; x_wconf 76' lang='lat' dir='ltr'><strong>designare,</strong></span> <span class='ocrx_word' id='word_1_56' title='bbox 655 573 741 614; x_wconf 89' lang='lat' dir='ltr'><strong>nisi</strong></span> <span class='ocrx_word' id='word_1_57' title='bbox 771 573 943 615; x_wconf 88' lang='lat' dir='ltr'><strong>consilii</strong></span> <span class='ocrx_word' id='word_1_58' title='bbox 971 573 1218 630; x_wconf 89' lang='lat' dir='ltr'><strong>prudentia,</strong></span> <span class='ocrx_word' id='word_1_59' title='bbox 1249 573 1506 615; x_wconf 88' lang='lat' dir='ltr'><strong>eruditionis</strong></span> <span class='ocrx_word' id='word_1_60' title='bbox 1531 574 1723 627; x_wconf 80' lang='lat' dir='ltr'><strong>solertia,</strong></span> 
     </span>
     <span class='ocr_line' id='line_1_9' title="bbox 142 630 1724 687; baseline -0.003 -13"><span class='ocrx_word' id='word_1_61' title='bbox 142 631 380 674; x_wconf 85' lang='lat' dir='ltr'><strong>industriae</strong></span> <span class='ocrx_word' id='word_1_62' title='bbox 412 630 636 685; x_wconf 73' lang='lat' dir='ltr'><strong>diligentia</strong></span> <span class='ocrx_word' id='word_1_63' title='bbox 672 630 933 672; x_wconf 69' lang='lat' dir='ltr'><strong>accesserit?</strong></span> <span class='ocrx_word' id='word_1_64' title='bbox 965 631 1118 686; x_wconf 86' lang='lat' dir='ltr'><strong>ltaque</strong></span> <span class='ocrx_word' id='word_1_65' title='bbox 1149 630 1237 671; x_wconf 78' lang='lat' dir='ltr'><strong>sere</strong></span> <span class='ocrx_word' id='word_1_66' title='bbox 1269 630 1444 684; x_wconf 88' lang='lat' dir='ltr'><strong>accidit,</strong></span> <span class='ocrx_word' id='word_1_67' title='bbox 1475 631 1549 671; x_wconf 90' lang='lat' dir='ltr'><strong>ubi</strong></span> <span class='ocrx_word' id='word_1_68' title='bbox 1580 630 1724 687; x_wconf 87' lang='lat' dir='ltr'><strong>aliqua</strong></span> 
     </span>
     <span class='ocr_line' id='line_1_10' title="bbox 142 686 1726 744; baseline -0.001 -14"><span class='ocrx_word' id='word_1_69' title='bbox 142 698 256 730; x_wconf 87' lang='lat' dir='ltr'><strong>aetas</strong></span> <span class='ocrx_word' id='word_1_70' title='bbox 290 686 462 744; x_wconf 75' lang='lat' dir='ltr'><strong>generis</strong></span> <span class='ocrx_word' id='word_1_71' title='bbox 492 687 669 727; x_wconf 85' lang='lat' dir='ltr'><strong>humani</strong></span> <span class='ocrx_word' id='word_1_72' title='bbox 701 702 880 742; x_wconf 77' lang='lat' dir='ltr'><strong>magnae</strong></span> <span class='ocrx_word' id='word_1_73' title='bbox 908 702 1049 728; x_wconf 89' lang='lat' dir='ltr'><strong>rerum</strong></span> <span class='ocrx_word' id='word_1_74' title='bbox 1070 702 1324 744; x_wconf 88' lang='lat' dir='ltr'><strong>morumque</strong></span> <span class='ocrx_word' id='word_1_75' title='bbox 1344 687 1573 729; x_wconf 86' lang='lat' dir='ltr'><strong>mutationi</strong></span> <span class='ocrx_word' id='word_1_76' title='bbox 1596 686 1726 728; x_wconf 87' lang='lat' dir='ltr'><strong>desti-</strong></span> 
     </span>
     <span class='ocr_line' id='line_1_11' title="bbox 141 743 1724 801; baseline -0.002 -14"><span class='ocrx_word' id='word_1_77' title='bbox 141 754 239 787; x_wconf 87' lang='lat' dir='ltr'><strong>nata</strong></span> <span class='ocrx_word' id='word_1_78' title='bbox 272 752 352 797; x_wconf 89' lang='lat' dir='ltr'><strong>est,</strong></span> <span class='ocrx_word' id='word_1_79' title='bbox 388 751 435 785; x_wconf 92' lang='lat' dir='ltr'><strong>ut</strong></span> <span class='ocrx_word' id='word_1_80' title='bbox 465 758 516 784; x_wconf 81' lang='lat' dir='ltr'><strong>ex</strong></span> <span class='ocrx_word' id='word_1_81' title='bbox 549 743 751 784; x_wconf 90' lang='lat' dir='ltr'><strong>omnibus</strong></span> <span class='ocrx_word' id='word_1_82' title='bbox 782 743 893 784; x_wconf 88' lang='lat' dir='ltr'><strong>loeis</strong></span> <span class='ocrx_word' id='word_1_83' title='bbox 923 743 1182 785; x_wconf 86' lang='lat' dir='ltr'><strong>conveniant</strong></span> <span class='ocrx_word' id='word_1_84' title='bbox 1211 744 1263 784; x_wconf 89' lang='lat' dir='ltr'><strong>ad</strong></span> <span class='ocrx_word' id='word_1_85' title='bbox 1293 759 1401 801; x_wconf 88' lang='lat' dir='ltr'><strong>opus</strong></span> <span class='ocrx_word' id='word_1_86' title='bbox 1432 743 1724 785; x_wconf 90' lang='lat' dir='ltr'><strong>inchoandum</strong></span> 
     </span>
     <span class='ocr_line' id='line_1_12' title="bbox 143 799 1724 857; baseline -0.002 -14"><span class='ocrx_word' id='word_1_87' title='bbox 143 801 449 857; x_wconf 84' lang='lat' dir='ltr'><strong>eiendumque,</strong></span> <span class='ocrx_word' id='word_1_88' title='bbox 481 800 557 856; x_wconf 89' lang='lat' dir='ltr'><strong>qui</strong></span> <span class='ocrx_word' id='word_1_89' title='bbox 588 799 641 840; x_wconf 93' lang='lat' dir='ltr'><strong>ad</strong></span> <span class='ocrx_word' id='word_1_90' title='bbox 679 800 760 841; x_wconf 91' lang='lat' dir='ltr'><strong>boe</strong></span> <span class='ocrx_word' id='word_1_91' title='bbox 792 799 935 856; x_wconf 89' lang='lat' dir='ltr'><strong>ipsum</strong></span> <span class='ocrx_word' id='word_1_92' title='bbox 965 800 1188 856; x_wconf 77' lang='lat' dir='ltr'><strong>negotium</strong></span> <span class='ocrx_word' id='word_1_93' title='bbox 1221 799 1505 856; x_wconf 82' lang='lat' dir='ltr'><strong>promtissimi</strong></span> <span class='ocrx_word' id='word_1_94' title='bbox 1536 808 1578 842; x_wconf 84' lang='lat' dir='ltr'><strong>et</strong></span> <span class='ocrx_word' id='word_1_95' title='bbox 1605 815 1724 857; x_wconf 88' lang='lat' dir='ltr'><strong>para-</strong></span> 
     </span>
     <span class='ocr_line' id='line_1_13' title="bbox 144 855 1725 913; baseline -0.002 -13"><span class='ocrx_word' id='word_1_96' title='bbox 144 857 300 900; x_wconf 80' lang='lat' dir='ltr'><strong>tissimi</strong></span> <span class='ocrx_word' id='word_1_97' title='bbox 331 864 448 910; x_wconf 89' lang='lat' dir='ltr'><strong>sunt,</strong></span> <span class='ocrx_word' id='word_1_98' title='bbox 482 864 528 897; x_wconf 91' lang='lat' dir='ltr'><strong>ut</strong></span> <span class='ocrx_word' id='word_1_99' title='bbox 567 855 828 897; x_wconf 83' lang='lat' dir='ltr'><strong>fortissimos</strong></span> <span class='ocrx_word' id='word_1_100' title='bbox 860 856 992 898; x_wconf 91' lang='lat' dir='ltr'><strong>duces</strong></span> <span class='ocrx_word' id='word_1_101' title='bbox 1025 873 1122 897; x_wconf 90' lang='lat' dir='ltr'><strong>eum</strong></span> <span class='ocrx_word' id='word_1_102' title='bbox 1163 857 1312 898; x_wconf 90' lang='lat' dir='ltr'><strong>amieis</strong></span> <span class='ocrx_word' id='word_1_103' title='bbox 1352 856 1725 913; x_wconf 84' lang='lat' dir='ltr'><strong>prudentissimis,</strong></span> 
     </span>
     <span class='ocr_line' id='line_1_14' title="bbox 143 913 1728 971; baseline -0.001 -15"><span class='ocrx_word' id='word_1_104' title='bbox 143 914 308 971; x_wconf 77' lang='lat' dir='ltr'><strong>ingenii</strong></span> <span class='ocrx_word' id='word_1_105' title='bbox 340 914 551 955; x_wconf 86' lang='lat' dir='ltr'><strong>fervorem</strong></span> <span class='ocrx_word' id='word_1_106' title='bbox 583 929 678 954; x_wconf 89' lang='lat' dir='ltr'><strong>eum</strong></span> <span class='ocrx_word' id='word_1_107' title='bbox 712 913 929 954; x_wconf 91' lang='lat' dir='ltr'><strong>sociorum</strong></span> <span class='ocrx_word' id='word_1_108' title='bbox 959 913 1188 966; x_wconf 85' lang='lat' dir='ltr'><strong>modestia,</strong></span> <span class='ocrx_word' id='word_1_109' title='bbox 1220 913 1396 955; x_wconf 89' lang='lat' dir='ltr'><strong>omnino</strong></span> <span class='ocrx_word' id='word_1_110' title='bbox 1440 929 1550 971; x_wconf 88' lang='lat' dir='ltr'><strong>quae</strong></span> <span class='ocrx_word' id='word_1_111' title='bbox 1590 913 1728 955; x_wconf 89' lang='lat' dir='ltr'><strong>diver·</strong></span> 
     </span>
     <span class='ocr_line' id='line_1_15' title="bbox 144 969 1726 1021; baseline -0.002 -8"><span class='ocrx_word' id='word_1_112' title='bbox 144 972 316 1013; x_wconf 86' lang='lat' dir='ltr'><strong>sissima</strong></span> <span class='ocrx_word' id='word_1_113' title='bbox 365 970 594 1021; x_wconf 87' lang='lat' dir='ltr'><strong>videntur,</strong></span> <span class='ocrx_word' id='word_1_114' title='bbox 638 969 869 1010; x_wconf 84' lang='lat' dir='ltr'><strong>coniuncta</strong></span> <span class='ocrx_word' id='word_1_115' title='bbox 906 977 947 1010; x_wconf 92' lang='lat' dir='ltr'><strong>et</strong></span> <span class='ocrx_word' id='word_1_116' title='bbox 988 969 1233 1011; x_wconf 88' lang='lat' dir='ltr'><strong>consociata</strong></span> <span class='ocrx_word' id='word_1_117' title='bbox 1273 970 1326 1011; x_wconf 85' lang='lat' dir='ltr'><strong>ad</strong></span> <span class='ocrx_word' id='word_1_118' title='bbox 1364 971 1547 1012; x_wconf 90' lang='lat' dir='ltr'><strong>eundem</strong></span> <span class='ocrx_word' id='word_1_119' title='bbox 1598 970 1726 1011; x_wconf 82' lang='lat' dir='ltr'><strong>finem</strong></span> 
     </span>
     <span class='ocr_line' id='line_1_16' title="bbox 144 1025 1725 1083; baseline -0.003 -13"><span class='ocrx_word' id='word_1_120' title='bbox 144 1027 406 1070; x_wconf 82' lang='lat' dir='ltr'><strong>commoveri</strong></span> <span class='ocrx_word' id='word_1_121' title='bbox 438 1034 480 1068; x_wconf 88' lang='lat' dir='ltr'><strong>et</strong></span> <span class='ocrx_word' id='word_1_122' title='bbox 510 1034 714 1082; x_wconf 83' lang='lat' dir='ltr'><strong>tanquam</strong></span> <span class='ocrx_word' id='word_1_123' title='bbox 745 1026 838 1083; x_wconf 87' lang='lat' dir='ltr'><strong>rapi</strong></span> <span class='ocrx_word' id='word_1_124' title='bbox 867 1026 1030 1067; x_wconf 89' lang='lat' dir='ltr'><strong>videas.</strong></span> <span class='ocrx_word' id='word_1_125' title='bbox 1091 1025 1191 1067; x_wconf 79' lang='lat' dir='ltr'><strong>Non</strong></span> <span class='ocrx_word' id='word_1_126' title='bbox 1229 1025 1356 1068; x_wconf 86' lang='lat' dir='ltr'><strong>aliter</strong></span> <span class='ocrx_word' id='word_1_127' title='bbox 1396 1027 1473 1068; x_wconf 91' lang='lat' dir='ltr'><strong>illo</strong></span> <span class='ocrx_word' id='word_1_128' title='bbox 1513 1034 1725 1083; x_wconf 83' lang='lat' dir='ltr'><strong>tempore,</strong></span> 
     </span>
     <span class='ocr_line' id='line_1_17' title="bbox 143 1082 1726 1143; baseline -0.003 -17"><span class='ocrx_word' id='word_1_129' title='bbox 143 1086 262 1143; x_wconf 78' lang='lat' dir='ltr'><strong>quod</strong></span> <span class='ocrx_word' id='word_1_130' title='bbox 294 1083 622 1140; x_wconf 87' lang='lat' dir='ltr'><strong>descripsimus,</strong></span> <span class='ocrx_word' id='word_1_131' title='bbox 655 1083 815 1124; x_wconf 86' lang='lat' dir='ltr'><strong>factum</strong></span> <span class='ocrx_word' id='word_1_132' title='bbox 847 1091 928 1124; x_wconf 86' lang='lat' dir='ltr'><strong>est.</strong></span> <span class='ocrx_word' id='word_1_133' title='bbox 990 1082 1098 1123; x_wconf 79' lang='lat' dir='ltr'><strong>Nam</strong></span> <span class='ocrx_word' id='word_1_134' title='bbox 1131 1083 1396 1140; x_wconf 87' lang='lat' dir='ltr'><strong>praeparatis</strong></span> <span class='ocrx_word' id='word_1_135' title='bbox 1427 1098 1506 1140; x_wconf 88' lang='lat' dir='ltr'><strong>per</strong></span> <span class='ocrx_word' id='word_1_136' title='bbox 1532 1083 1636 1124; x_wconf 91' lang='lat' dir='ltr'><strong>alias</strong></span> <span class='ocrx_word' id='word_1_137' title='bbox 1665 1097 1726 1123; x_wconf 92' lang='lat' dir='ltr'><strong>rc—</strong></span> 
     </span>
     <span class='ocr_line' id='line_1_18' title="bbox 145 1139 1728 1198; baseline -0.003 -15"><span class='ocrx_word' id='word_1_138' title='bbox 145 1142 316 1198; x_wconf 73' lang='lat' dir='ltr'><strong>giones,</strong></span> <span class='ocrx_word' id='word_1_139' title='bbox 349 1140 532 1181; x_wconf 85' lang='lat' dir='ltr'><strong>maxime</strong></span> <span class='ocrx_word' id='word_1_140' title='bbox 563 1155 641 1195; x_wconf 87' lang='lat' dir='ltr'><strong>per</strong></span> <span class='ocrx_word' id='word_1_141' title='bbox 670 1139 856 1192; x_wconf 88' lang='lat' dir='ltr'><strong>ltaliam,</strong></span> <span class='ocrx_word' id='word_1_142' title='bbox 890 1139 1094 1194; x_wconf 74' lang='lat' dir='ltr'><strong>ingeniis,</strong></span> <span class='ocrx_word' id='word_1_143' title='bbox 1128 1148 1326 1181; x_wconf 84' lang='lat' dir='ltr'><strong>revocata</strong></span> <span class='ocrx_word' id='word_1_144' title='bbox 1356 1148 1398 1181; x_wconf 87' lang='lat' dir='ltr'><strong>et</strong></span> <span class='ocrx_word' id='word_1_145' title='bbox 1429 1139 1555 1196; x_wconf 85' lang='lat' dir='ltr'><strong>quasi</strong></span> <span class='ocrx_word' id='word_1_146' title='bbox 1577 1139 1728 1196; x_wconf 89' lang='lat' dir='ltr'><strong>postli-</strong></span> 
     </span>
     <span class='ocr_line' id='line_1_19' title="bbox 142 1195 1728 1249; baseline -0.003 -9"><span class='ocrx_word' id='word_1_147' title='bbox 142 1199 278 1240; x_wconf 88' lang='lat' dir='ltr'><strong>minio</strong></span> <span class='ocrx_word' id='word_1_148' title='bbox 306 1197 504 1238; x_wconf 89' lang='lat' dir='ltr'><strong>restituta</strong></span> <span class='ocrx_word' id='word_1_149' title='bbox 533 1196 755 1237; x_wconf 85' lang='lat' dir='ltr'><strong>literarum</strong></span> <span class='ocrx_word' id='word_1_150' title='bbox 789 1196 1072 1249; x_wconf 86' lang='lat' dir='ltr'><strong>humanitate,</strong></span> <span class='ocrx_word' id='word_1_151' title='bbox 1104 1196 1234 1237; x_wconf 86' lang='lat' dir='ltr'><strong>fracta</strong></span> <span class='ocrx_word' id='word_1_152' title='bbox 1260 1196 1521 1237; x_wconf 84' lang='lat' dir='ltr'><strong>domesticae</strong></span> <span class='ocrx_word' id='word_1_153' title='bbox 1550 1195 1728 1237; x_wconf 87' lang='lat' dir='ltr'><strong>militiae</strong></span> 
     </span>
     <span class='ocr_line' id='line_1_20' title="bbox 144 1251 1728 1310; baseline -0.003 -14"><span class='ocrx_word' id='word_1_154' title='bbox 144 1254 411 1310; x_wconf 79' lang='lat' dir='ltr'><strong>impotentia,</strong></span> <span class='ocrx_word' id='word_1_155' title='bbox 446 1253 488 1294; x_wconf 88' lang='lat' dir='ltr'><strong>in</strong></span> <span class='ocrx_word' id='word_1_156' title='bbox 521 1260 786 1294; x_wconf 84' lang='lat' dir='ltr'><strong>contemtum</strong></span> <span class='ocrx_word' id='word_1_157' title='bbox 817 1251 1143 1307; x_wconf 84' lang='lat' dir='ltr'><strong>ludibriumque</strong></span> <span class='ocrx_word' id='word_1_158' title='bbox 1179 1252 1346 1294; x_wconf 87' lang='lat' dir='ltr'><strong>deiecta</strong></span> <span class='ocrx_word' id='word_1_159' title='bbox 1377 1251 1624 1308; x_wconf 88' lang='lat' dir='ltr'><strong>ineptorum</strong></span> <span class='ocrx_word' id='word_1_160' title='bbox 1656 1252 1728 1291; x_wconf 88' lang='lat' dir='ltr'><strong>ho-</strong></span> 
     </span>
     <span class='ocr_line' id='line_1_21' title="bbox 143 1307 1729 1366; baseline -0.003 -14"><span class='ocrx_word' id='word_1_161' title='bbox 143 1312 309 1352; x_wconf 85' lang='lat' dir='ltr'><strong>miuum</strong></span> <span class='ocrx_word' id='word_1_162' title='bbox 351 1309 680 1364; x_wconf 86' lang='lat' dir='ltr'><strong>superstitione,</strong></span> <span class='ocrx_word' id='word_1_163' title='bbox 723 1308 767 1348; x_wconf 92' lang='lat' dir='ltr'><strong>in</strong></span> <span class='ocrx_word' id='word_1_164' title='bbox 808 1307 1030 1364; x_wconf 87' lang='lat' dir='ltr'><strong>plerisque</strong></span> <span class='ocrx_word' id='word_1_165' title='bbox 1073 1308 1329 1349; x_wconf 86' lang='lat' dir='ltr'><strong>Germaniae</strong></span> <span class='ocrx_word' id='word_1_166' title='bbox 1370 1309 1564 1366; x_wconf 89' lang='lat' dir='ltr'><strong>partibus</strong></span> <span class='ocrx_word' id='word_1_167' title='bbox 1601 1307 1729 1349; x_wconf 86' lang='lat' dir='ltr'><strong>exsti-</strong></span> 
     </span>
     <span class='ocr_line' id='line_1_22' title="bbox 144 1365 1729 1423; baseline -0.002 -14"><span class='ocrx_word' id='word_1_168' title='bbox 144 1375 305 1419; x_wconf 87' lang='lat' dir='ltr'><strong>terunt,</strong></span> <span class='ocrx_word' id='word_1_169' title='bbox 336 1366 412 1423; x_wconf 92' lang='lat' dir='ltr'><strong>qui</strong></span> <span class='ocrx_word' id='word_1_170' title='bbox 443 1380 644 1407; x_wconf 83' lang='lat' dir='ltr'><strong>accensas</strong></span> <span class='ocrx_word' id='word_1_171' title='bbox 676 1365 790 1406; x_wconf 78' lang='lat' dir='ltr'><strong>faces</strong></span> <span class='ocrx_word' id='word_1_172' title='bbox 825 1365 1084 1406; x_wconf 85' lang='lat' dir='ltr'><strong>extollerent</strong></span> <span class='ocrx_word' id='word_1_173' title='bbox 1112 1373 1153 1405; x_wconf 93' lang='lat' dir='ltr'><strong>et</strong></span> <span class='ocrx_word' id='word_1_174' title='bbox 1181 1380 1314 1406; x_wconf 89' lang='lat' dir='ltr'><strong>novas</strong></span> <span class='ocrx_word' id='word_1_175' title='bbox 1337 1366 1429 1406; x_wconf 83' lang='lat' dir='ltr'><strong>vias</strong></span> <span class='ocrx_word' id='word_1_176' title='bbox 1452 1380 1529 1422; x_wconf 89' lang='lat' dir='ltr'><strong>per</strong></span> <span class='ocrx_word' id='word_1_177' title='bbox 1549 1365 1729 1406; x_wconf 90' lang='lat' dir='ltr'><strong>circum-</strong></span> 
     </span>
     <span class='ocr_line' id='line_1_23' title="bbox 144 1421 1729 1478; baseline -0.003 -12"><span class='ocrx_word' id='word_1_178' title='bbox 144 1427 262 1466; x_wconf 86' lang='lat' dir='ltr'><strong>fusas</strong></span> <span class='ocrx_word' id='word_1_179' title='bbox 289 1423 487 1466; x_wconf 87' lang='lat' dir='ltr'><strong>tenebras</strong></span> <span class='ocrx_word' id='word_1_180' title='bbox 511 1421 742 1478; x_wconf 87' lang='lat' dir='ltr'><strong>aperirent,</strong></span> <span class='ocrx_word' id='word_1_181' title='bbox 766 1436 947 1477; x_wconf 85' lang='lat' dir='ltr'><strong>quorum</strong></span> <span class='ocrx_word' id='word_1_182' title='bbox 967 1421 1351 1478; x_wconf 86' lang='lat' dir='ltr'><strong>praestantissimis</strong></span> <span class='ocrx_word' id='word_1_183' title='bbox 1374 1421 1562 1463; x_wconf 86' lang='lat' dir='ltr'><strong>Saxonia</strong></span> <span class='ocrx_word' id='word_1_184' title='bbox 1582 1428 1729 1463; x_wconf 89' lang='lat' dir='ltr'><strong>nostra</strong></span> 
     </span>
     <span class='ocr_line' id='line_1_24' title="bbox 143 1478 1729 1535; baseline -0.003 -13"><span class='ocrx_word' id='word_1_185' title='bbox 143 1482 309 1522; x_wconf 89' lang='lat' dir='ltr'><strong>aditum</strong></span> <span class='ocrx_word' id='word_1_186' title='bbox 339 1479 644 1535; x_wconf 74' lang='lat' dir='ltr'><strong>refugiumque</strong></span> <span class='ocrx_word' id='word_1_187' title='bbox 673 1478 894 1535; x_wconf 78' lang='lat' dir='ltr'><strong>patefecit.</strong></span> <span class='ocrx_word' id='word_1_188' title='bbox 956 1478 1127 1519; x_wconf 87' lang='lat' dir='ltr'><strong>Exinde</strong></span> <span class='ocrx_word' id='word_1_189' title='bbox 1159 1478 1232 1519; x_wconf 89' lang='lat' dir='ltr'><strong>alii</strong></span> <span class='ocrx_word' id='word_1_190' title='bbox 1271 1478 1569 1520; x_wconf 88' lang='lat' dir='ltr'><strong>vehementius</strong></span> <span class='ocrx_word' id='word_1_191' title='bbox 1614 1493 1729 1534; x_wconf 78' lang='lat' dir='ltr'><strong>gras-</strong></span> 
     </span>
     <span class='ocr_line' id='line_1_25' title="bbox 144 1533 1729 1593; baseline -0.004 -14"><span class='ocrx_word' id='word_1_192' title='bbox 144 1537 229 1579; x_wconf 86' lang='lat' dir='ltr'><strong>sari</strong></span> <span class='ocrx_word' id='word_1_193' title='bbox 266 1545 308 1578; x_wconf 90' lang='lat' dir='ltr'><strong>et</strong></span> <span class='ocrx_word' id='word_1_194' title='bbox 349 1537 442 1593; x_wconf 88' lang='lat' dir='ltr'><strong>ipsa</strong></span> <span class='ocrx_word' id='word_1_195' title='bbox 481 1534 697 1592; x_wconf 84' lang='lat' dir='ltr'><strong>praesidia</strong></span> <span class='ocrx_word' id='word_1_196' title='bbox 734 1534 1076 1576; x_wconf 87' lang='lat' dir='ltr'><strong>adversariorum</strong></span> <span class='ocrx_word' id='word_1_197' title='bbox 1110 1542 1302 1576; x_wconf 88' lang='lat' dir='ltr'><strong>evertere</strong></span> <span class='ocrx_word' id='word_1_198' title='bbox 1348 1543 1600 1592; x_wconf 84' lang='lat' dir='ltr'><strong>coeperunt,</strong></span> <span class='ocrx_word' id='word_1_199' title='bbox 1655 1533 1729 1574; x_wconf 88' lang='lat' dir='ltr'><strong>alii</strong></span> 
     </span>
     <span class='ocr_line' id='line_1_26' title="bbox 145 1591 1729 1648; baseline -0.004 -12"><span class='ocrx_word' id='word_1_200' title='bbox 145 1594 363 1635; x_wconf 87' lang='lat' dir='ltr'><strong>doctrinae</strong></span> <span class='ocrx_word' id='word_1_201' title='bbox 395 1600 436 1634; x_wconf 93' lang='lat' dir='ltr'><strong>et</strong></span> <span class='ocrx_word' id='word_1_202' title='bbox 468 1591 697 1633; x_wconf 84' lang='lat' dir='ltr'><strong>facundiae</strong></span> <span class='ocrx_word' id='word_1_203' title='bbox 728 1607 842 1632; x_wconf 81' lang='lat' dir='ltr'><strong>arina</strong></span> <span class='ocrx_word' id='word_1_204' title='bbox 880 1591 1228 1645; x_wconf 87' lang='lat' dir='ltr'><strong>subministrare,</strong></span> <span class='ocrx_word' id='word_1_205' title='bbox 1270 1591 1343 1632; x_wconf 91' lang='lat' dir='ltr'><strong>alii</strong></span> <span class='ocrx_word' id='word_1_206' title='bbox 1380 1607 1468 1632; x_wconf 87' lang='lat' dir='ltr'><strong>non</strong></span> <span class='ocrx_word' id='word_1_207' title='bbox 1515 1591 1567 1633; x_wconf 94' lang='lat' dir='ltr'><strong>de</strong></span> <span class='ocrx_word' id='word_1_208' title='bbox 1611 1606 1729 1648; x_wconf 82' lang='lat' dir='ltr'><strong>prae·</strong></span> 
     </span>
     <span class='ocr_line' id='line_1_27' title="bbox 145 1647 1727 1702; baseline -0.003 -11"><span class='ocrx_word' id='word_1_209' title='bbox 145 1651 258 1691; x_wconf 90' lang='lat' dir='ltr'><strong>senti</strong></span> <span class='ocrx_word' id='word_1_210' title='bbox 283 1649 412 1690; x_wconf 91' lang='lat' dir='ltr'><strong>modo</strong></span> <span class='ocrx_word' id='word_1_211' title='bbox 445 1647 696 1688; x_wconf 89' lang='lat' dir='ltr'><strong>discrimine</strong></span> <span class='ocrx_word' id='word_1_212' title='bbox 725 1647 932 1702; x_wconf 75' lang='lat' dir='ltr'><strong>cogitare,</strong></span> <span class='ocrx_word' id='word_1_213' title='bbox 966 1647 1042 1687; x_wconf 88' lang='lat' dir='ltr'><strong>sed</strong></span> <span class='ocrx_word' id='word_1_214' title='bbox 1086 1663 1138 1687; x_wconf 77' lang='lat' dir='ltr'><strong>ex</strong></span> <span class='ocrx_word' id='word_1_215' title='bbox 1180 1647 1401 1688; x_wconf 90' lang='lat' dir='ltr'><strong>iuventute</strong></span> <span class='ocrx_word' id='word_1_216' title='bbox 1440 1663 1550 1688; x_wconf 86' lang='lat' dir='ltr'><strong>nova</strong></span> <span class='ocrx_word' id='word_1_217' title='bbox 1592 1647 1727 1689; x_wconf 88' lang='lat' dir='ltr'><strong>incre-</strong></span> 
     </span>
     <span class='ocr_line' id='line_1_28' title="bbox 146 1702 1727 1762; baseline -0.003 -15"><span class='ocrx_word' id='word_1_218' title='bbox 146 1714 288 1747; x_wconf 87' lang='lat' dir='ltr'><strong>menta</strong></span> <span class='ocrx_word' id='word_1_219' title='bbox 304 1719 453 1762; x_wconf 87' lang='lat' dir='ltr'><strong>parare</strong></span> <span class='ocrx_word' id='word_1_220' title='bbox 467 1711 596 1759; x_wconf 90' lang='lat' dir='ltr'><strong>atque</strong></span> <span class='ocrx_word' id='word_1_221' title='bbox 617 1718 707 1743; x_wconf 92' lang='lat' dir='ltr'><strong>eam</strong></span> <span class='ocrx_word' id='word_1_222' title='bbox 722 1702 775 1743; x_wconf 89' lang='lat' dir='ltr'><strong>ad</strong></span> <span class='ocrx_word' id='word_1_223' title='bbox 798 1703 939 1744; x_wconf 84' lang='lat' dir='ltr'><strong>sutura</strong></span> <span class='ocrx_word' id='word_1_224' title='bbox 963 1703 1193 1744; x_wconf 87' lang='lat' dir='ltr'><strong>certamina</strong></span> <span class='ocrx_word' id='word_1_225' title='bbox 1218 1702 1474 1759; x_wconf 91' lang='lat' dir='ltr'><strong>prudentius</strong></span> <span class='ocrx_word' id='word_1_226' title='bbox 1498 1703 1727 1744; x_wconf 89' lang='lat' dir='ltr'><strong>instruere.</strong></span> 
     </span>
     <span class='ocr_line' id='line_1_29' title="bbox 147 1758 1728 1815; baseline -0.003 -11"><span class='ocrx_word' id='word_1_227' title='bbox 147 1764 267 1804; x_wconf 88' lang='lat' dir='ltr'><strong>Inter</strong></span> <span class='ocrx_word' id='word_1_228' title='bbox 297 1769 360 1803; x_wconf 87' lang='lat' dir='ltr'><strong>tot</strong></span> <span class='ocrx_word' id='word_1_229' title='bbox 389 1760 504 1801; x_wconf 84' lang='lat' dir='ltr'><strong>viros</strong></span> <span class='ocrx_word' id='word_1_230' title='bbox 545 1759 766 1815; x_wconf 76' lang='lat' dir='ltr'><strong>insignes,</strong></span> <span class='ocrx_word' id='word_1_231' title='bbox 806 1758 1142 1811; x_wconf 90' lang='lat' dir='ltr'><strong>Reucblini,</strong></span> <span class='ocrx_word' id='word_1_232' title='bbox 1184 1759 1419 1812; x_wconf 80' lang='lat' dir='ltr'><strong>Erasini,</strong></span> <span class='ocrx_word' id='word_1_233' title='bbox 1457 1759 1728 1801; x_wconf 82' lang='lat' dir='ltr'><strong>Melanch-</strong></span> 
     </span>
     <span class='ocr_line' id='line_1_30' title="bbox 146 1815 1729 1872; baseline -0.004 -11"><span class='ocrx_word' id='word_1_234' title='bbox 146 1819 332 1861; x_wconf 86' lang='lat' dir='ltr'><strong>tbonis</strong></span> <span class='ocrx_word' id='word_1_235' title='bbox 366 1818 563 1858; x_wconf 88' lang='lat' dir='ltr'><strong>alumnos</strong></span> <span class='ocrx_word' id='word_1_236' title='bbox 596 1823 637 1856; x_wconf 92' lang='lat' dir='ltr'><strong>et</strong></span> <span class='ocrx_word' id='word_1_237' title='bbox 668 1815 850 1856; x_wconf 84' lang='lat' dir='ltr'><strong>sanioris</strong></span> <span class='ocrx_word' id='word_1_238' title='bbox 875 1815 1132 1872; x_wconf 88' lang='lat' dir='ltr'><strong>disciplinae</strong></span> <span class='ocrx_word' id='word_1_239' title='bbox 1155 1823 1372 1869; x_wconf 85' lang='lat' dir='ltr'><strong>auctores,</strong></span> <span class='ocrx_word' id='word_1_240' title='bbox 1391 1832 1506 1857; x_wconf 91' lang='lat' dir='ltr'><strong>nune</strong></span> <span class='ocrx_word' id='word_1_241' title='bbox 1529 1817 1633 1857; x_wconf 88' lang='lat' dir='ltr'><strong>satis</strong></span> <span class='ocrx_word' id='word_1_242' title='bbox 1660 1816 1729 1856; x_wconf 88' lang='lat' dir='ltr'><strong>ba-</strong></span> 
     </span>
     <span class='ocr_line' id='line_1_31' title="bbox 143 1871 1728 1929; baseline -0.004 -11"><span class='ocrx_word' id='word_1_243' title='bbox 143 1878 296 1917; x_wconf 87' lang='lat' dir='ltr'><strong>bemus</strong></span> <span class='ocrx_word' id='word_1_244' title='bbox 335 1887 711 1925; x_wconf 83' lang='lat' dir='ltr'><strong>commemorasse,</strong></span> <span class='ocrx_word' id='word_1_245' title='bbox 745 1872 821 1928; x_wconf 86' lang='lat' dir='ltr'><strong>qui</strong></span> <span class='ocrx_word' id='word_1_246' title='bbox 852 1871 1013 1929; x_wconf 83' lang='lat' dir='ltr'><strong>patriae</strong></span> <span class='ocrx_word' id='word_1_247' title='bbox 1044 1872 1321 1929; x_wconf 87' lang='lat' dir='ltr'><strong>potissimum</strong></span> <span class='ocrx_word' id='word_1_248' title='bbox 1352 1880 1523 1914; x_wconf 85' lang='lat' dir='ltr'><strong>nostrae</strong></span> <span class='ocrx_word' id='word_1_249' title='bbox 1555 1880 1598 1913; x_wconf 93' lang='lat' dir='ltr'><strong>ct</strong></span> <span class='ocrx_word' id='word_1_250' title='bbox 1627 1871 1728 1913; x_wconf 91' lang='lat' dir='ltr'><strong>huic</strong></span> 
     </span>
     <span class='ocr_line' id='line_1_32' title="bbox 147 1927 1729 1988; baseline -0.004 -14"><span class='ocrx_word' id='word_1_251' title='bbox 147 1932 321 1974; x_wconf 86' lang='lat' dir='ltr'><strong>scholae</strong></span> <span class='ocrx_word' id='word_1_252' title='bbox 350 1936 695 1988; x_wconf 84' lang='lat' dir='ltr'><strong>prospexerunt,</strong></span> <span class='ocrx_word' id='word_1_253' title='bbox 739 1930 852 1970; x_wconf 91' lang='lat' dir='ltr'><strong>inter</strong></span> <span class='ocrx_word' id='word_1_254' title='bbox 898 1944 1007 1985; x_wconf 86' lang='lat' dir='ltr'><strong>quos</strong></span> <span class='ocrx_word' id='word_1_255' title='bbox 1053 1928 1244 1970; x_wconf 87' lang='lat' dir='ltr'><strong>eminent</strong></span> <span class='ocrx_word' id='word_1_256' title='bbox 1286 1929 1371 1969; x_wconf 87' lang='lat' dir='ltr'><strong>duo</strong></span> <span class='ocrx_word' id='word_1_257' title='bbox 1402 1929 1501 1980; x_wconf 88' lang='lat' dir='ltr'><strong>viri,</strong></span> <span class='ocrx_word' id='word_1_258' title='bbox 1545 1929 1609 1970; x_wconf 92' lang='lat' dir='ltr'><strong>Io.</strong></span> <span class='ocrx_word' id='word_1_259' title='bbox 1642 1927 1729 1970; x_wconf 86' lang='lat' dir='ltr'><strong>Ri-</strong></span> 
     </span>
     <span class='ocr_line' id='line_1_33' title="bbox 146 1984 1729 2042; baseline -0.003 -12"><span class='ocrx_word' id='word_1_260' title='bbox 146 1990 270 2031; x_wconf 87' lang='lat' dir='ltr'><strong>vius</strong></span> <span class='ocrx_word' id='word_1_261' title='bbox 302 1986 570 2042; x_wconf 88' lang='lat' dir='ltr'><strong>Vestpbalus</strong></span> <span class='ocrx_word' id='word_1_262' title='bbox 612 1993 653 2026; x_wconf 92' lang='lat' dir='ltr'><strong>et</strong></span> <span class='ocrx_word' id='word_1_263' title='bbox 693 1984 772 2026; x_wconf 89' lang='lat' dir='ltr'><strong>Ge.</strong></span> <span class='ocrx_word' id='word_1_264' title='bbox 818 1984 1124 2027; x_wconf 84' lang='lat' dir='ltr'><strong>Fabricius</strong></span> <span class='ocrx_word' id='word_1_265' title='bbox 1167 1985 1311 2038; x_wconf 86' lang='lat' dir='ltr'><strong>Saxo,</strong></span> <span class='ocrx_word' id='word_1_266' title='bbox 1355 1985 1429 2026; x_wconf 89' lang='lat' dir='ltr'><strong>ille</strong></span> <span class='ocrx_word' id='word_1_267' title='bbox 1470 1985 1647 2041; x_wconf 75' lang='lat' dir='ltr'><strong>ingenio</strong></span> <span class='ocrx_word' id='word_1_268' title='bbox 1687 1993 1729 2026; x_wconf 89' lang='lat' dir='ltr'><strong>et</strong></span> 
     </span>
     <span class='ocr_line' id='line_1_34' title="bbox 149 2041 1728 2101; baseline -0.003 -15"><span class='ocrx_word' id='word_1_269' title='bbox 149 2044 362 2101; x_wconf 80' lang='lat' dir='ltr'><strong>singulari</strong></span> <span class='ocrx_word' id='word_1_270' title='bbox 390 2043 535 2100; x_wconf 81' lang='lat' dir='ltr'><strong>aliquo</strong></span> <span class='ocrx_word' id='word_1_271' title='bbox 568 2042 697 2083; x_wconf 90' lang='lat' dir='ltr'><strong>animi</strong></span> <span class='ocrx_word' id='word_1_272' title='bbox 725 2041 877 2082; x_wconf 88' lang='lat' dir='ltr'><strong>ardore</strong></span> <span class='ocrx_word' id='word_1_273' title='bbox 908 2041 960 2082; x_wconf 87' lang='lat' dir='ltr'><strong>ad</strong></span> <span class='ocrx_word' id='word_1_274' title='bbox 990 2041 1316 2082; x_wconf 86' lang='lat' dir='ltr'><strong>constituendas</strong></span> <span class='ocrx_word' id='word_1_275' title='bbox 1346 2049 1387 2082; x_wconf 88' lang='lat' dir='ltr'><strong>et</strong></span> <span class='ocrx_word' id='word_1_276' title='bbox 1427 2041 1728 2098; x_wconf 80' lang='lat' dir='ltr'><strong>expurgandas</strong></span> 
     </span>
     <span class='ocr_line' id='line_1_35' title="bbox 148 2097 1726 2154; baseline -0.004 -11"><span class='ocrx_word' id='word_1_277' title='bbox 148 2101 317 2143; x_wconf 84' lang='lat' dir='ltr'><strong>scholas</strong></span> <span class='ocrx_word' id='word_1_278' title='bbox 351 2100 609 2151; x_wconf 87' lang='lat' dir='ltr'><strong>destinatus,</strong></span> <span class='ocrx_word' id='word_1_279' title='bbox 654 2098 723 2139; x_wconf 88' lang='lat' dir='ltr'><strong>bie</strong></span> <span class='ocrx_word' id='word_1_280' title='bbox 762 2099 900 2139; x_wconf 79' lang='lat' dir='ltr'><strong>factus</strong></span> <span class='ocrx_word' id='word_1_281' title='bbox 939 2098 992 2138; x_wconf 89' lang='lat' dir='ltr'><strong>ad</strong></span> <span class='ocrx_word' id='word_1_282' title='bbox 1030 2097 1321 2139; x_wconf 90' lang='lat' dir='ltr'><strong>continuanda</strong></span> <span class='ocrx_word' id='word_1_283' title='bbox 1365 2105 1407 2138; x_wconf 92' lang='lat' dir='ltr'><strong>et</strong></span> <span class='ocrx_word' id='word_1_284' title='bbox 1448 2098 1726 2154; x_wconf 85' lang='lat' dir='ltr'><strong>perficienda,</strong></span> 
     </span>
     <span class='ocr_line' id='line_1_36' title="bbox 147 2153 1730 2214; baseline -0.003 -15"><span class='ocrx_word' id='word_1_285' title='bbox 147 2173 256 2214; x_wconf 86' lang='lat' dir='ltr'><strong>quae</strong></span> <span class='ocrx_word' id='word_1_286' title='bbox 289 2174 312 2199; x_wconf 86' lang='lat' dir='ltr'><strong>a</strong></span> <span class='ocrx_word' id='word_1_287' title='bbox 341 2157 416 2198; x_wconf 82' lang='lat' dir='ltr'><strong>tali</strong></span> <span class='ocrx_word' id='word_1_288' title='bbox 442 2157 650 2212; x_wconf 79' lang='lat' dir='ltr'><strong>magistro</strong></span> <span class='ocrx_word' id='word_1_289' title='bbox 680 2154 922 2207; x_wconf 87' lang='lat' dir='ltr'><strong>didicisset,</strong></span> <span class='ocrx_word' id='word_1_290' title='bbox 955 2162 1136 2211; x_wconf 86' lang='lat' dir='ltr'><strong>uterque</strong></span> <span class='ocrx_word' id='word_1_291' title='bbox 1170 2153 1431 2211; x_wconf 88' lang='lat' dir='ltr'><strong>procedente</strong></span> <span class='ocrx_word' id='word_1_292' title='bbox 1462 2162 1655 2211; x_wconf 86' lang='lat' dir='ltr'><strong>tempore</strong></span> <span class='ocrx_word' id='word_1_293' title='bbox 1687 2162 1730 2195; x_wconf 88' lang='lat' dir='ltr'><strong>ct</strong></span> 
     </span>
     <span class='ocr_line' id='line_1_37' title="bbox 148 2210 1725 2268; baseline -0.002 -14"><span class='ocrx_word' id='word_1_294' title='bbox 148 2214 298 2255; x_wconf 82' lang='lat' dir='ltr'><strong>aetatis</strong></span> <span class='ocrx_word' id='word_1_295' title='bbox 351 2213 601 2255; x_wconf 87' lang='lat' dir='ltr'><strong>discrimina</strong></span> <span class='ocrx_word' id='word_1_296' title='bbox 645 2219 913 2267; x_wconf 83' lang='lat' dir='ltr'><strong>exaequante</strong></span> <span class='ocrx_word' id='word_1_297' title='bbox 965 2219 1174 2268; x_wconf 88' lang='lat' dir='ltr'><strong>perpetua</strong></span> <span class='ocrx_word' id='word_1_298' title='bbox 1223 2210 1410 2252; x_wconf 84' lang='lat' dir='ltr'><strong>amicitia</strong></span> <span class='ocrx_word' id='word_1_299' title='bbox 1450 2211 1725 2251; x_wconf 86' lang='lat' dir='ltr'><strong>coniunctus.</strong></span> 
     </span>
     <span class='ocr_line' id='line_1_38' title="bbox 148 2266 1728 2326; baseline -0.003 -15"><span class='ocrx_word' id='word_1_300' title='bbox 148 2272 301 2326; x_wconf 89' lang='lat' dir='ltr'><strong>ltaque</strong></span> <span class='ocrx_word' id='word_1_301' title='bbox 339 2271 530 2310; x_wconf 80' lang='lat' dir='ltr'><strong>Ali-anae</strong></span> <span class='ocrx_word' id='word_1_302' title='bbox 574 2283 707 2325; x_wconf 90' lang='lat' dir='ltr'><strong>quum</strong></span> <span class='ocrx_word' id='word_1_303' title='bbox 746 2283 897 2309; x_wconf 89' lang='lat' dir='ltr'><strong>novam</strong></span> <span class='ocrx_word' id='word_1_304' title='bbox 930 2267 1143 2322; x_wconf 76' lang='lat' dir='ltr'><strong>originem</strong></span> <span class='ocrx_word' id='word_1_305' title='bbox 1170 2282 1265 2309; x_wconf 52' lang='lat' dir='ltr'><strong>vsuo</strong></span> <span class='ocrx_word' id='word_1_306' title='bbox 1310 2266 1494 2308; x_wconf 83' lang='lat' dir='ltr'><strong>maxime</strong></span> <span class='ocrx_word' id='word_1_307' title='bbox 1542 2266 1728 2308; x_wconf 91' lang='lat' dir='ltr'><strong>consilio</strong></span> 
     </span>
     <span class='ocr_line' id='line_1_39' title="bbox 148 2323 1730 2384; baseline -0.004 -15"><span class='ocrx_word' id='word_1_308' title='bbox 148 2341 315 2384; x_wconf 84' lang='lat' dir='ltr'><strong>suaque</strong></span> <span class='ocrx_word' id='word_1_309' title='bbox 344 2326 599 2368; x_wconf 84' lang='lat' dir='ltr'><strong>auctoritate</strong></span> <span class='ocrx_word' id='word_1_310' title='bbox 631 2334 826 2381; x_wconf 87' lang='lat' dir='ltr'><strong>parasset</strong></span> <span class='ocrx_word' id='word_1_311' title='bbox 854 2323 1051 2366; x_wconf 85' lang='lat' dir='ltr'><strong>Rivius</strong></span> <span class='ocrx_word' id='word_1_312' title='bbox 1084 2332 1126 2365; x_wconf 89' lang='lat' dir='ltr'><strong>et</strong></span> <span class='ocrx_word' id='word_1_313' title='bbox 1158 2323 1296 2365; x_wconf 87' lang='lat' dir='ltr'><strong>solida</strong></span> <span class='ocrx_word' id='word_1_314' title='bbox 1326 2323 1603 2364; x_wconf 87' lang='lat' dir='ltr'><strong>fundamenta</strong></span> <span class='ocrx_word' id='word_1_315' title='bbox 1631 2323 1730 2364; x_wconf 89' lang='lat' dir='ltr'><strong>sub·</strong></span> 
     </span>
     <span class='ocr_line' id='line_1_40' title="bbox 148 2379 1731 2438; baseline -0.003 -13"><span class='ocrx_word' id='word_1_316' title='bbox 148 2384 338 2437; x_wconf 86' lang='lat' dir='ltr'><strong>iecisset,</strong></span> <span class='ocrx_word' id='word_1_317' title='bbox 363 2398 464 2426; x_wconf 84' lang='lat' dir='ltr'><strong>mox</strong></span> <span class='ocrx_word' id='word_1_318' title='bbox 496 2382 622 2424; x_wconf 86' lang='lat' dir='ltr'><strong>etiam</strong></span> <span class='ocrx_word' id='word_1_319' title='bbox 656 2381 798 2423; x_wconf 84' lang='lat' dir='ltr'><strong>ess&#39;eeit</strong></span> <span class='ocrx_word' id='word_1_320' title='bbox 827 2389 873 2423; x_wconf 90' lang='lat' dir='ltr'><strong>ut</strong></span> <span class='ocrx_word' id='word_1_321' title='bbox 896 2381 1204 2438; x_wconf 83' lang='lat' dir='ltr'><strong>praeficeretur</strong></span> <span class='ocrx_word' id='word_1_322' title='bbox 1221 2379 1537 2432; x_wconf 85' lang='lat' dir='ltr'><strong>Fabricius,</strong></span> <span class='ocrx_word' id='word_1_323' title='bbox 1560 2379 1629 2421; x_wconf 91' lang='lat' dir='ltr'><strong>cui</strong></span> <span class='ocrx_word' id='word_1_324' title='bbox 1656 2379 1731 2421; x_wconf 83' lang='lat' dir='ltr'><strong>illa</strong></span> 
     </span>
     <span class='ocr_line' id='line_1_41' title="bbox 149 2435 1731 2497; baseline -0.003 -14"><span class='ocrx_word' id='word_1_325' title='bbox 149 2456 226 2497; x_wconf 91' lang='lat' dir='ltr'><strong>per</strong></span> <span class='ocrx_word' id='word_1_326' title='bbox 254 2440 412 2497; x_wconf 73' lang='lat' dir='ltr'><strong>viginti</strong></span> <span class='ocrx_word' id='word_1_327' title='bbox 443 2438 637 2497; x_wconf 86' lang='lat' dir='ltr'><strong>quinque</strong></span> <span class='ocrx_word' id='word_1_328' title='bbox 674 2453 809 2480; x_wconf 86' lang='lat' dir='ltr'><strong>annos</strong></span> <span class='ocrx_word' id='word_1_329' title='bbox 847 2438 984 2493; x_wconf 78' lang='lat' dir='ltr'><strong>leges,</strong></span> <span class='ocrx_word' id='word_1_330' title='bbox 1007 2437 1301 2493; x_wconf 86' lang='lat' dir='ltr'><strong>disciplinam,</strong></span> <span class='ocrx_word' id='word_1_331' title='bbox 1332 2435 1551 2477; x_wconf 85' lang='lat' dir='ltr'><strong>literarum</strong></span> <span class='ocrx_word' id='word_1_332' title='bbox 1589 2435 1731 2478; x_wconf 87' lang='lat' dir='ltr'><strong>erudi-</strong></span> 
     </span>
     <span class='ocr_line' id='line_1_42' title="bbox 150 2492 1732 2553; baseline -0.003 -14"><span class='ocrx_word' id='word_1_333' title='bbox 150 2498 330 2550; x_wconf 84' lang='lat' dir='ltr'><strong>tionem,</strong></span> <span class='ocrx_word' id='word_1_334' title='bbox 372 2498 525 2539; x_wconf 80' lang='lat' dir='ltr'><strong>famam</strong></span> <span class='ocrx_word' id='word_1_335' title='bbox 554 2497 684 2552; x_wconf 72' lang='lat' dir='ltr'><strong>longe</strong></span> <span class='ocrx_word' id='word_1_336' title='bbox 719 2501 997 2553; x_wconf 82' lang='lat' dir='ltr'><strong>propagatam</strong></span> <span class='ocrx_word' id='word_1_337' title='bbox 1028 2493 1192 2534; x_wconf 89' lang='lat' dir='ltr'><strong>debuit.</strong></span> <span class='ocrx_word' id='word_1_338' title='bbox 1254 2493 1421 2534; x_wconf 89' lang='lat' dir='ltr'><strong>Horum</strong></span> <span class='ocrx_word' id='word_1_339' title='bbox 1449 2492 1655 2547; x_wconf 90' lang='lat' dir='ltr'><strong>virorum,</strong></span> <span class='ocrx_word' id='word_1_340' title='bbox 1685 2500 1732 2534; x_wconf 88' lang='lat' dir='ltr'><strong>ut</strong></span> 
     </span>
     <span class='ocr_line' id='line_1_43' title="bbox 150 2548 1727 2602; baseline -0.003 -7"><span class='ocrx_word' id='word_1_341' title='bbox 150 2555 391 2596; x_wconf 83' lang='lat' dir='ltr'><strong>animorum</strong></span> <span class='ocrx_word' id='word_1_342' title='bbox 425 2553 580 2593; x_wconf 79' lang='lat' dir='ltr'><strong>affeetu</strong></span> <span class='ocrx_word' id='word_1_343' title='bbox 610 2561 651 2593; x_wconf 91' lang='lat' dir='ltr'><strong>et</strong></span> <span class='ocrx_word' id='word_1_344' title='bbox 681 2552 877 2593; x_wconf 85' lang='lat' dir='ltr'><strong>laborum</strong></span> <span class='ocrx_word' id='word_1_345' title='bbox 905 2565 1020 2592; x_wconf 85' lang='lat' dir='ltr'><strong>nexu</strong></span> <span class='ocrx_word' id='word_1_346' title='bbox 1050 2550 1138 2593; x_wconf 90' lang='lat' dir='ltr'><strong>vivi</strong></span> <span class='ocrx_word' id='word_1_347' title='bbox 1166 2550 1268 2591; x_wconf 89' lang='lat' dir='ltr'><strong>olim</strong></span> <span class='ocrx_word' id='word_1_348' title='bbox 1310 2548 1547 2592; x_wconf 87' lang='lat' dir='ltr'><strong>consociati</strong></span> <span class='ocrx_word' id='word_1_349' title='bbox 1587 2549 1727 2602; x_wconf 85' lang='lat' dir='ltr'><strong>fuere,</strong></span> 
     </span>
     <span class='ocr_line' id='line_1_44' title="bbox 149 2604 1728 2664; baseline -0.003 -13"><span class='ocrx_word' id='word_1_350' title='bbox 149 2627 265 2652; x_wconf 89' lang='lat' dir='ltr'><strong>nune</strong></span> <span class='ocrx_word' id='word_1_351' title='bbox 297 2609 423 2651; x_wconf 87' lang='lat' dir='ltr'><strong>etiam</strong></span> <span class='ocrx_word' id='word_1_352' title='bbox 458 2616 733 2649; x_wconf 85' lang='lat' dir='ltr'><strong>monumenta</strong></span> <span class='ocrx_word' id='word_1_353' title='bbox 764 2624 850 2648; x_wconf 90' lang='lat' dir='ltr'><strong>uno</strong></span> <span class='ocrx_word' id='word_1_354' title='bbox 880 2608 978 2651; x_wconf 91' lang='lat' dir='ltr'><strong>loco</strong></span> <span class='ocrx_word' id='word_1_355' title='bbox 1011 2621 1183 2664; x_wconf 86' lang='lat' dir='ltr'><strong>unaque</strong></span> <span class='ocrx_word' id='word_1_356' title='bbox 1212 2607 1464 2648; x_wconf 88' lang='lat' dir='ltr'><strong>meritorum</strong></span> <span class='ocrx_word' id='word_1_357' title='bbox 1500 2604 1629 2647; x_wconf 87' lang='lat' dir='ltr'><strong>laude</strong></span> <span class='ocrx_word' id='word_1_358' title='bbox 1661 2620 1728 2648; x_wconf 89' lang='lat' dir='ltr'><strong>co-</strong></span> 
     </span>
     <span class='ocr_line' id='line_1_45' title="bbox 150 2663 1729 2724; baseline -0.003 -16"><span class='ocrx_word' id='word_1_359' title='bbox 150 2666 340 2724; x_wconf 86' lang='lat' dir='ltr'><strong>pulanda</strong></span> <span class='ocrx_word' id='word_1_360' title='bbox 372 2664 730 2715; x_wconf 84' lang='lat' dir='ltr'><strong>existimavimus,</strong></span> <span class='ocrx_word' id='word_1_361' title='bbox 761 2672 809 2705; x_wconf 90' lang='lat' dir='ltr'><strong>ut</strong></span> <span class='ocrx_word' id='word_1_362' title='bbox 872 2664 915 2704; x_wconf 93' lang='lat' dir='ltr'><strong>ui</strong></span> <span class='ocrx_word' id='word_1_363' title='bbox 946 2663 1133 2719; x_wconf 90' lang='lat' dir='ltr'><strong>primum</strong></span> <span class='ocrx_word' id='word_1_364' title='bbox 1166 2663 1390 2705; x_wconf 84' lang='lat' dir='ltr'><strong>intraverit</strong></span> <span class='ocrx_word' id='word_1_365' title='bbox 1433 2663 1547 2704; x_wconf 89' lang='lat' dir='ltr'><strong>hune</strong></span> <span class='ocrx_word' id='word_1_366' title='bbox 1590 2678 1729 2705; x_wconf 88' lang='lat' dir='ltr'><strong>seces-</strong></span> 
     </span>
     <span class='ocr_line' id='line_1_46' title="bbox 151 2719 1728 2779; baseline -0.003 -14"><span class='ocrx_word' id='word_1_367' title='bbox 151 2740 245 2764; x_wconf 79' lang='lat' dir='ltr'><strong>sum</strong></span> <span class='ocrx_word' id='word_1_368' title='bbox 279 2737 441 2779; x_wconf 75' lang='lat' dir='ltr'><strong>gnavae</strong></span> <span class='ocrx_word' id='word_1_369' title='bbox 483 2720 719 2760; x_wconf 85' lang='lat' dir='ltr'><strong>industriae</strong></span> <span class='ocrx_word' id='word_1_370' title='bbox 751 2727 793 2759; x_wconf 90' lang='lat' dir='ltr'><strong>et</strong></span> <span class='ocrx_word' id='word_1_371' title='bbox 835 2719 922 2760; x_wconf 85' lang='lat' dir='ltr'><strong>ilis</strong></span> <span class='ocrx_word' id='word_1_372' title='bbox 965 2719 1212 2760; x_wconf 87' lang='lat' dir='ltr'><strong>nominibus</strong></span> <span class='ocrx_word' id='word_1_373' title='bbox 1255 2727 1550 2761; x_wconf 88' lang='lat' dir='ltr'><strong>consecratum</strong></span> <span class='ocrx_word' id='word_1_374' title='bbox 1604 2719 1728 2760; x_wconf 89' lang='lat' dir='ltr'><strong>intel·</strong></span> 
     </span>
     <span class='ocr_line' id='line_1_47' title="bbox 150 2774 1729 2833; baseline -0.003 -12"><span class='ocrx_word' id='word_1_375' title='bbox 150 2780 321 2832; x_wconf 79' lang='lat' dir='ltr'><strong>lexerit,</strong></span> <span class='ocrx_word' id='word_1_376' title='bbox 355 2779 493 2819; x_wconf 88' lang='lat' dir='ltr'><strong>discat</strong></span> <span class='ocrx_word' id='word_1_377' title='bbox 525 2791 675 2831; x_wconf 83' lang='lat' dir='ltr'><strong>sapere</strong></span> <span class='ocrx_word' id='word_1_378' title='bbox 707 2783 749 2815; x_wconf 89' lang='lat' dir='ltr'><strong>et</strong></span> <span class='ocrx_word' id='word_1_379' title='bbox 778 2774 935 2816; x_wconf 85' lang='lat' dir='ltr'><strong>audere</strong></span> <span class='ocrx_word' id='word_1_380' title='bbox 966 2775 1131 2831; x_wconf 88' lang='lat' dir='ltr'><strong>aliquid</strong></span> <span class='ocrx_word' id='word_1_381' title='bbox 1162 2776 1395 2833; x_wconf 84' lang='lat' dir='ltr'><strong>conarique</strong></span> <span class='ocrx_word' id='word_1_382' title='bbox 1424 2775 1510 2817; x_wconf 90' lang='lat' dir='ltr'><strong>illis</strong></span> <span class='ocrx_word' id='word_1_383' title='bbox 1547 2775 1729 2817; x_wconf 88' lang='lat' dir='ltr'><strong>auctori-</strong></span> 
     </span>
     <span class='ocr_line' id='line_1_48' title="bbox 151 2831 1725 2890; baseline -0.004 -12"><span class='ocrx_word' id='word_1_384' title='bbox 151 2837 233 2878; x_wconf 87' lang='lat' dir='ltr'><strong>bus</strong></span> <span class='ocrx_word' id='word_1_385' title='bbox 265 2835 489 2890; x_wconf 76' lang='lat' dir='ltr'><strong>suseipiat.</strong></span> <span class='ocrx_word' id='word_1_386' title='bbox 552 2832 609 2873; x_wconf 91' lang='lat' dir='ltr'><strong>Et</strong></span> <span class='ocrx_word' id='word_1_387' title='bbox 638 2831 828 2873; x_wconf 90' lang='lat' dir='ltr'><strong>didicere</strong></span> <span class='ocrx_word' id='word_1_388' title='bbox 860 2846 962 2875; x_wconf 87' lang='lat' dir='ltr'><strong>saue</strong></span> <span class='ocrx_word' id='word_1_389' title='bbox 998 2832 1123 2873; x_wconf 87' lang='lat' dir='ltr'><strong>multi</strong></span> <span class='ocrx_word' id='word_1_390' title='bbox 1161 2832 1301 2889; x_wconf 87' lang='lat' dir='ltr'><strong>primo</strong></span> <span class='ocrx_word' id='word_1_391' title='bbox 1349 2832 1492 2874; x_wconf 85' lang='lat' dir='ltr'><strong>statim</strong></span> <span class='ocrx_word' id='word_1_392' title='bbox 1536 2832 1725 2882; x_wconf 89' lang='lat' dir='ltr'><strong>saeculo,</strong></span> 
     </span>
     <span class='ocr_line' id='line_1_49' title="bbox 154 2887 1728 2951; baseline -0.004 -17"><span class='ocrx_word' id='word_1_393' title='bbox 154 2901 195 2934; x_wconf 85' lang='lat' dir='ltr'><strong>et</strong></span> <span class='ocrx_word' id='word_1_394' title='bbox 223 2892 363 2951; x_wconf 87' lang='lat' dir='ltr'><strong>primo</strong></span> <span class='ocrx_word' id='word_1_395' title='bbox 394 2890 544 2933; x_wconf 88' lang='lat' dir='ltr'><strong>ardore</strong></span> <span class='ocrx_word' id='word_1_396' title='bbox 574 2888 766 2931; x_wconf 89' lang='lat' dir='ltr'><strong>nondum</strong></span> <span class='ocrx_word' id='word_1_397' title='bbox 796 2887 1004 2931; x_wconf 80' lang='lat' dir='ltr'><strong>restincto</strong></span> <span class='ocrx_word' id='word_1_398' title='bbox 1035 2904 1176 2945; x_wconf 84' lang='lat' dir='ltr'><strong>neque</strong></span> <span class='ocrx_word' id='word_1_399' title='bbox 1207 2889 1448 2933; x_wconf 82' lang='lat' dir='ltr'><strong>obscuratis</strong></span> <span class='ocrx_word' id='word_1_400' title='bbox 1467 2888 1728 2946; x_wconf 89' lang='lat' dir='ltr'><strong>optimorum</strong></span> 
     </span>
    </p>
   </div>
  </div>
 </body>
</html>
